2730 3936
502 235 639 285 VERGILI
662 235 851 286 GEORGICON
874 235 920 284 111.

199 399 322 468 Proluit;
342 399 469 453 insolitae
481 397 591 465 fugiunt
601 397 631 449 in
642 396 756 450 flumina
767 396 881 463 phocae.

200 487 300 540 Interit
313 492 341 540 et
354 487 446 540 curvis
458 486 561 538 frustra
571 483 686 538 defensa
699 482 812 537 latebris

201 573 313 642 Vipera,
329 579 356 626 et
369 573 481 627 attoniti
494 572 613 640 squamis
627 571 781 624 astantibus
793 571 884 638 hydri.
934 611 937 622 ,

200 660 271 729 Ipsis
284 665 325 713 est
337 666 383 712 aer
396 659 491 713 avibus
504 674 560 710 non
574 674 684 726 aequus,
699 663 727 710 et
740 658 802 711 illae

199 747 370 814 Praecipites
382 744 439 800 alta
451 746 538 798 vitam
552 745 601 798 snb
615 744 690 798 nube
702 744 868 813 relinquunt.

200 834 332 886 Praterea
344 833 399 886 iam
410 848 462 886 neo
475 832 575 884 mutari
589 831 690 899 pabula
702 832 794 900 refert,

201 920 401 989 Quaesitaeqne
414 923 517 972 nocent
530 925 617 985 artes3
639 935 744 972 cessere
756 920 891 990 magistri,

201 1007 367 1075 Phillyrides
380 1006 483 1060 Ohiron
498 1005 759 1074 Amythaoniusque
772 1006 933 1075 Melampus.

201 1096 303 1164 Saevit,
318 1100 347 1148 et
358 1095 388 1147 in
399 1093 489 1148 lucem
503 1093 606 1162 Stygiis
620 1094 719 1146 emissa
730 1095 855 1148 tenebris

201 1183 307 1238 Pallida
320 1181 467 1250 Tisiphone
480 1181 591 1235 Morbos
603 1181 660 1250 agit
672 1187 736 1234 ante
749 1180 917 1252 Metumque,

201 1272 288 1340 Inque
301 1270 360 1323 dies
373 1269 484 1322 avidum
499 1284 612 1336 surgens
624 1273 707 1336 caput
720 1267 802 1321 altius
814 1269 900 1323 effert.

202 1358 302 1412 Balatu
314 1372 445 1424 pecorum
458 1361 487 1408 et
499 1355 603 1409 crebris
615 1354 766 1421 mugitibus
779 1372 874 1410 amnes

201 1445 375 1512 Arentesque
388 1449 487 1496 sonant
499 1442 576 1511 ripae
587 1440 725 1509 collesque
737 1443 836 1511 supini.

201 1532 315 1600 Iamque
327 1531 488 1586 catervatim
501 1529 549 1583 dat
561 1534 680 1597 stragem
694 1536 776 1597 atque
789 1536 902 1600 aggerat
913 1531 979 1600 ipsis

202 1618 236 1671 In
249 1617 363 1671 stabulis
375 1617 449 1686 turpi
463 1615 567 1684 dilapsa
580 1615 716 1670 cadavera
728 1616 801 1684 tabo,

202 1705 299 1758 Donec
311 1704 395 1757 humo
408 1709 501 1770 tegere
514 1719 546 1757 ao
559 1703 647 1756 foveis
661 1703 828 1758 abscondere
840 1705 957 1760 diseunt.

203 1792 275 1845 Nam
288 1807 377 1860 neque
389 1796 450 1843 erut
462 1789 545 1843 coriis
558 1805 630 1856 usus,
646 1805 697 1843 neo
711 1789 816 1844 viscera
829 1793 973 1860 quisquam

203 1880 262 1934 Aut
274 1878 354 1932 undis
367 1877 477 1932 abolere
489 1882 589 1946 potest,
605 1884 653 1933 aut
665 1879 777 1931 vincere
789 1877 907 1934 flamma.

203 1967 247 2023 Ne
259 1968 374 2022 tondere
386 1966 496 2035 quidem
509 1965 607 2018 morbo
619 1964 776 2034 inluvieque
790 1983 885 2034 peresa

203 2057 323 2128 Vellera,
338 2077 389 2115 neo
401 2060 471 2114 telas
482 2066 598 2130 possunt
611 2060 745 2128 attingere
762 2059 865 2128 putris3

203 2145 310 2200 Verum
324 2148 415 2215 etiam,
430 2148 534 2201 invisos
547 2148 569 2201 si
583 2147 643 2216 quis
655 2153 805 2216 temptarat
818 2141 951 2213 amiotus,

203 2233 343 2288 Ardentes
355 2233 471 2303 papulae
484 2240 567 2303 atque
579 2233 737 2288 immundus
749 2235 853 2288 olentia
866 2236 950 2290 sudor

204 2319 329 2374 Membra
340 2321 513 2390 sequebatur,
524 2337 575 2374 neo
587 2320 671 2389 longo
683 2319 783 2374 deinde
795 2323 915 2378 moranti

204 2405 338 2477 Tempore
351 2413 494 2463 contactos
507 2413 583 2462 artus
596 2423 673 2462 sacer
685 2407 757 2476 iguis
769 2409 876 2465 edebat.
