2706 3938
532 211 670 260 VERGILI
692 210 857 259 ruivmues
879 209 924 259 IV.

219 374 273 429 Sed
285 375 354 428 milii
367 374 409 428 vel
423 374 504 428 tullus
517 378 609 442 optem
624 373 700 442 prius
713 373 769 426 ima
781 372 912 434 dehiscat,

218 462 273 514 Vel
285 462 369 515 Pater
382 462 557 531 omnipotens
570 459 663 528 adigat
675 476 720 512 me
732 458 846 512 fulmine
859 458 894 512 ad
907 457 1025 522 umbrae,

218 550 351 603 Pallantis
362 549 473 602 umbras
485 548 570 601 Erebi
581 551 747 615 noetemque
759 545 936 616 profundam,

218 638 302 704 Ante,
316 636 418 703 Pudor,
433 653 515 706 quarn
529 634 653 700 temolo,
668 641 715 687 aut
728 639 776 686 tua
788 633 849 686 iura
861 631 978 685 resolvo.

218 724 267 777 llle
280 740 364 792 meos
379 724 483 792 primus
497 723 542 790 qui
555 739 599 776 me
612 721 664 774 sibi
677 721 775 789 iunxit
790 735 899 774 amores

219 811 356 876 Abstulit;
377 809 423 863 ille
435 810 537 863 habeat
550 825 642 862 seeum
657 819 804 882 servetque
818 805 971 884 sepulor0.'’

217 898 261 951 ilio
274 897 357 950 effata
369 897 459 950 sinum
472 894 592 950 lacrimis
603 894 729 963 implevit
743 881 867 947 obortis*
907 882 912 906 '⁵

251 985 334 1038 Anna
345 989 448 1038 refert:
472 982 523 1036 “O
537 983 598 1037 luoe
610 982 698 1050 magis
711 981 812 1036 dileeta
826 983 922 1050 sorori,

216 1073 315 1127 Solane
327 1078 461 1140 perpetua
473 1086 599 1124 maerens
612 1085 724 1137 carpere
737 1069 857 1137 iuventa,
905 1067 906 1070 ’

216 1161 276 1214 Neo
288 1159 374 1213 duleis
386 1165 474 1227 natos,
490 1158 610 1212 Veneris
623 1173 674 1210 neo
686 1157 809 1225 praemia
820 1159 914 1212 norisl

215 1248 248 1301 Id
261 1249 381 1302 cinerem
395 1257 442 1302 aut
454 1247 549 1304 Manis,
556 1245 646 1300 eredis
658 1263 755 1302 aurare
767 1248 909 1316 sepultos?
925 1261 928 1265 ·

214 1335 300 1388 Esto:
321 1351 430 1402 aegram
442 1333 511 1386 nulli
524 1333 662 1402 quondam
674 1333 775 1388 flexere
787 1336 888 1403 mariti,

215 1421 278 1475 Non
293 1423 404 1490 Libyae,
418 1438 475 1475 non
488 1431 552 1476 aute
565 1423 638 1489 Tyro
649 1423 929 1492 ;--despeotuslarbas

215 1510 404 1578 Ductoresque
418 1509 471 1576 alii,
487 1527 555 1579 quos
567 1511 664 1564 Africa
676 1516 755 1588 terra
763 1511 911 1580 triumphis

215 1597 300 1650 Dives
312 1597 378 1650 alit:
398 1598 535 1665 placitone
548 1599 780 1670 etiam-pugnabis
792 1599 911 1652 amomi
1009 1589 1033 1612 ”·
1077 1609 1082 1616 “
1138 1595 1142 1600 “
1239 1629 1242 1636 .

214 1683 274 1738 Nee
286 1685 362 1738 venit
374 1685 403 1737 in
416 1692 546 1754 mentem,
561 1703 677 1759 quorum
691 1686 845 1739 consederis
858 1687 951 1740 arvis?

214 1771 287 1824 Hinc
301 1771 435 1826 Gaetulae
449 1774 538 1843 urbes,
553 1790 639 1841 genus
654 1773 838 1841 insuperabile
850 1772 931 1839 bello,

213 1859 250 1924 Et
263 1859 400 1914 Numidae
412 1861 516 1915 infreni
530 1861 644 1930 oingunt
658 1866 685 1914 et
698 1861 839 1929 inhospita
851 1859 955 1926 Syrtim

213 1946 286 2001 Hine
297 1948 406 2002 deserta
419 1949 464 2001 siti
477 1949 561 2017 regio,
576 1948 686 2016 lateque
698 1948 822 2000 furentes

213 2034 335 2088 Barcaei.
374 2035 447 2100 Quid
461 2035 532 2089 bella
545 2035 618 2102 Tyro
630 2035 771 2103 surgentia
783 2035 880 2102 diuam,

213 2124 398 2195 Germanique
411 2127 517 2180 minaei

212 2211 262 2266 Dis
275 2215 401 2282 equidem
415 2214 571 2284 auspicibus
583 2230 646 2267 reor
659 2217 688 2266 et
699 2211 806 2266 Iunone
819 2210 939 2264 secunda

213 2299 294 2354 Hune
308 2319 416 2356 oursum
430 2302 529 2356 Iliacae
541 2308 627 2354 vento
639 2300 760 2354 tenuisse
773 2299 890 2352 carinae.
906 2325 907 2332 κ

213 2387 300 2453 Quam
314 2398 344 2442 tu
357 2392 462 2458 urbem,
477 2407 565 2457 soror,
579 2389 651 2443 hano
664 2403 768 2451 cernes,
783 2402 851 2454 quaa
865 2401 976 2453 surgere
989 2385 1073 2449 regna

212 2475 347 2546 Coniugio
359 2479 422 2532 talil
461 2478 595 2532 Teucrum
609 2467 805 2530 comitanti-bus
817 2473 900 2525 armis

212 2561 317 2617 Punica
329 2581 357 2617 se
371 2566 480 2634 quantis
492 2565 600 2618 attollet
613 2564 701 2632 gloria
713 2562 808 2615 rebusl

212 2648 252 2702 Tu
265 2652 348 2707 modo
361 2671 442 2722 posce
455 2653 521 2708 deos
534 2655 650 2722 veniam,
666 2653 803 2721 sacrisque
814 2650 902 2704 litatis

212 2735 326 2812 Indulge
339 2741 467 2808 hospitio,
480 2758 628 2810 causasque
641 2743 751 2793 inneote
764 2737 898 2805 morandi,

211 2823 283 2876 Dum
297 2827 394 2894 pelago
407 2827 528 2881 desaevit
541 2827 630 2881 hiems
643 2832 671 2882 et
684 2843 802 2896 aquosus
815 2825 909 2891 Orion,

212 2911 414 2983 (quassataeque
427 2921 508 2982 rates,
523 2915 588 2968 dum
602 2932 659 2969 non
672 2913 816 2968 tractabile
828 2912 962 2966 eaelum.”

247 2999 298 3052 His
310 3001 391 3054 dietis
403 3001 544 3055 ineensum
560 3003 681 3058 animum
695 2998 877 3054 inflammavit
890 3016 990 3066 amore,

211 3085 346 3156 Spemque
360 3090 436 3143 dedit
449 3090 547 3143 dubiae
560 3091 656 3152 menti,
671 3089 807 3156 solvitque
819 3087 962 3156 pudorem.

211 3175 349 3244 Prineipio
363 3176 477 3230 delubra
490 3176 601 3242 adeunt,
616 3191 766 3244 paoemque
779 3192 828 3242 per
841 3191 902 3228 aras

209 3261 382 3330 Exquirunt;
402 3269 525 3316 mactant
537 3249 622 3317 leotas
635 3263 669 3316 de
680 3279 758 3315 more
771 3261 890 3314 bidentis

209 3347 350 3416 Legiferae
364 3349 456 3403 Cereri
469 3350 638 3418 Phoeboque
649 3350 776 3417 patrique
789 3348 889 3414 Lyaeo

123 3436 126 3441 ’
210 3433 309 3488 Iunoni
322 3442 386 3489 ante
399 3438 495 3502 omnis,
510 3437 554 3489 oui
566 3437 658 3490 vinela
669 3436 771 3503 iugalia
783 3451 872 3488 curae.

210 3521 274 3589 Ipsa
287 3527 383 3575 tenens
395 3522 493 3576 dextra
506 3530 629 3590 pateram
643 3522 829 3592 pulcherrima
840 3521 914 3574 Dido
1020 3567 1022 3574 .
