2734 3936
447 218 584 268 venem
608 219 796 268 cnoaolcon
820 219 839 270 1.

135 380 277 438 Montibus
289 381 378 436 audiri
391 381 495 449 fragor,
510 385 557 434 aut
570 381 725 434 resonantia
737 380 818 448 longe

134 469 231 522 Litora
242 469 351 521 misceri
364 472 393 521 et
405 483 548 521 nemorum
562 467 766 520 increbrescere
778 483 912 520 murmur.

134 555 195 609 lam
207 556 259 608 sibi
272 561 332 608 tum
343 554 435 608 curvis
447 554 519 608 male
530 560 668 623 temperat
683 554 756 608 unda
767 553 874 622 carinis,

135 643 205 696 Gum
219 642 311 696 medio
324 641 428 695 celeres
440 641 565 696 revolant
577 658 611 696 ex
625 657 744 710 aequore
756 642 845 710 mergi

135 730 346 798 clamoremque
358 729 452 782 ferunt
465 729 499 782 ad
512 729 601 797 litora,
617 745 734 796 cumque
750 728 872 784 marinae

135 817 168 869 ln
182 817 256 869 sicco
268 815 368 868 ludunt
379 814 486 883 fulicae,
501 820 635 884 notasque
647 814 756 884 paludis

135 903 246 958 Deserit
259 908 341 972 atque
354 903 440 958 altam
452 919 536 971 snpra
548 902 623 956 volat
635 903 718 957 ardea
730 902 840 956 nubem.

136 990 224 1059 Saepe
237 991 321 1044 otiam
334 989 434 1055 stellas,
449 994 533 1043 vento
544 989 731 1058 impendente,
748 989 854 1044 videbis

134 1077 304 1146 Praecipites
313 1077 389 1130 caelo
397 1076 461 1142 labi,
476 1077 618 1145 noctisque
630 1093 680 1145 per
693 1077 816 1132 umbram

135 1165 322 1219 Flammarum
334 1165 432 1234 longos
445 1182 461 1220 a
473 1170 552 1234 tergo
565 1165 702 1220 albescere
715 1171 833 1232 tractus3

136 1253 224 1321 Saepe
236 1253 324 1305 levem
338 1252 446 1321 paleam
459 1257 488 1306 et
499 1253 612 1308 frondes
625 1253 740 1308 volitare
752 1253 876 1318 caducas,

135 1341 196 1394 Aut
208 1356 316 1394 summa
327 1340 419 1394 nantis
430 1340 459 1392 in
471 1355 543 1408 aqua
556 1340 703 1394 conludere
719 1340 835 1409 plumas.

136 1427 176 1480 At
188 1427 296 1481 Boreae
308 1426 342 1480 de
354 1434 433 1495 parte
445 1427 531 1482 trucis
543 1444 605 1482 cnm
617 1427 753 1494 fulminat,
768 1432 871 1480 etcum

135 1513 259 1582 Eurique
271 1513 445 1583 Zephyrique
457 1519 536 1568 tonat
551 1514 663 1569 domus:
679 1514 772 1567 omnia
784 1514 872 1582 plenis

136 1601 214 1654 Rura
224 1606 322 1654 natant
334 1600 422 1670 fossis,
438 1607 519 1670 atque
532 1603 623 1655 omnis
635 1602 729 1655 navita
742 1606 828 1669 ponto

136 1687 240 1742 Umida
251 1687 314 1740 vela
325 1687 400 1756 legit.
438 1687 596 1757 Numquam
610 1688 832 1758 imprudentibus
843 1688 933 1742 imber

137 1773 253 1828 Obfuit:
274 1779 322 1827 aut
334 1775 411 1828 illum
424 1782 583 1844 surgentem
597 1776 715 1830 vallibus
727 1776 789 1828 imis

136 1860 239 1915 Aerias
251 1862 348 1930 fugere
361 1878 450 1930 grues,
465 1870 514 1916 aut
526 1861 624 1916 bucula
637 1863 742 1916 caelum

137 1948 296 2019 Suspiciens
308 1951 409 2019 patulis
421 1950 544 2019 captavit
556 1951 669 2004 naribus
681 1967 770 2017 auras,

137 2036 197 2090 Aut
209 2043 308 2106 arguta
319 2038 396 2092 lacus
408 2037 641 2091 circumvolitavit
653 2037 782 2105 hirundo,

136 2119 173 2174 Et
186 2129 309 2178 veterem
322 2123 351 2176 in
362 2123 430 2176 limo
441 2139 525 2176 ranae
538 2122 663 2176 cecinere
676 2121 823 2190 querelam.

137 2207 251 2278 Saepius
263 2216 292 2264 et
304 2212 385 2264 tectis
397 2209 585 2279 penetralibus
598 2209 698 2263 extulit
714 2225 767 2263 ova

137 2293 297 2364 Angustum
309 2297 426 2352 lemica
436 2302 530 2350 terens
542 2297 604 2362 iter,
618 2301 647 2349 et
660 2296 729 2348 bibit
741 2295 838 2364 ingens

138 2383 235 2451 Arcus,
249 2390 278 2437 et
291 2401 306 2438 e
318 2389 399 2453 pastu
412 2383 548 2438 decedens
560 2383 670 2451 agmine
682 2399 782 2450 magno

138 2467 292 2524 Oorvcrum
305 2471 443 2540 increpuit
455 2471 547 2525 densis
560 2470 696 2524 exercitus
708 2470 766 2524 alia.

137 2555 195 2609 Iam
210 2559 300 2612 varias
312 2559 402 2627 pelagi
415 2557 549 2627 volucres,
565 2563 593 2612 et
606 2574 676 2626 quae
688 2557 757 2611 Asia
769 2557 871 2611 circum

137 2641 271 2698 Dulcibus
284 2646 312 2697 in
325 2646 428 2714 stagnis
440 2646 578 2700 rimantur
591 2651 670 2714 prata
683 2644 800 2712 Caystri,

138 2729 272 2785 Certatim
285 2732 376 2800 largos
387 2733 492 2786 umeris
505 2732 653 2786 infundere
668 2748 752 2799 rores,

137 2815 219 2872 Nunc
233 2824 316 2888 caput
328 2819 469 2873 obiectare
481 2819 567 2885 iretis,
582 2837 656 2874 nunc
669 2836 780 2874 currere
792 2819 821 2872 in
834 2819 928 2886 undas,

137 2904 173 2958 Et
185 2907 278 2960 studio
290 2907 426 2960 incassum
440 2906 533 2960 videas
546 2908 647 2976 gestire
659 2907 780 2960 lavandi.

137 2991 206 3046 Tum
219 2994 317 3048 cornix
330 2993 412 3061 plena
424 2993 543 3062 pluviam
559 3002 641 3048 vocat
653 2995 781 3062 improba
793 3011 861 3048 voce

136 3078 173 3132 Et
184 3080 244 3134 sola
255 3081 285 3133 in
298 3080 370 3134 sicca
383 3097 474 3134 secum
488 3082 624 3150 spatiatur
635 3081 747 3135 harena.

137 3166 180 3222 Ne
192 3173 330 3222 nocturna
343 3168 453 3236 quidem
466 3175 610 3238 carpentes
620 3185 705 3237 pensa
716 3169 824 3237 puellae

138 3253 286 3309 Nescivere
299 3254 427 3323 hiemem,
441 3261 514 3309 testa
526 3273 590 3309 cum
603 3256 719 3310 ardente
731 3256 859 3310 viderent

139 3340 293 3395 Scintillare
307 3340 397 3394 oleum
412 3347 439 3394 et
450 3342 539 3411 putris
552 3358 729 3396 concrescere
741 3343 852 3410 fungos.

175 3430 230 3482 Nec
242 3429 334 3481 minus
346 3444 380 3481 ex
393 3429 474 3481 imbri
487 3429 559 3482 soles
572 3435 601 3483 et
614 3434 710 3497 aperta
722 3445 819 3483 serena

139 3512 298 3584 Prospicere
311 3520 339 3566 et
352 3514 435 3567 certis
446 3515 551 3582 poteris
563 3529 728 3582 cognoscere
741 3514 839 3582 signis:
