2706 3938
527 205 666 254 VERGILI
688 203 853 253 AMNEIDOS
876 203 907 254 V.

207 366 275 420 Tum
288 384 355 420 vero
368 366 471 420 exarsit
482 366 576 419 iuveni
589 365 670 418 dolor
683 365 790 418 ossibus
802 366 905 433 ingens,

206 452 266 506 Nec
278 453 399 507 lacrimis
412 469 523 506 caruere
536 469 630 520 genae,
646 467 812 521 segnemque
826 452 982 520 Menoeten,

206 539 316 594 Oblitus
330 540 491 607 decorisque
505 540 546 592 sui
561 540 721 608 sociumque
735 538 837 606 salutis

205 627 239 680 In
250 644 326 681 mare
339 627 517 696 praecipitem
530 627 615 695 puppi
629 626 760 680 deturbat
771 627 805 679 ab
819 626 889 694 alta3

205 715 268 784 Ipse
281 713 448 782 gubernaclo
461 719 552 766 rector
565 713 646 782 subit,
662 715 721 782 ipse
734 715 871 781 magister,

205 803 394 869 Hortaturque
406 801 490 868 viros,
505 800 667 868 clavumque
680 800 715 854 ad
726 800 810 854 litora
821 807 943 869 torquet.

205 891 246 942 At
258 889 357 956 gravis,
373 892 404 941 ut
416 887 502 940 fundo
521 888 565 939 vix
578 887 690 941 tandem
704 886 828 940 redditus
840 887 897 941 imo
910 893 963 956 est,
1016 887 1018 893 ⁸

206 977 264 1030 lam
278 977 368 1028 senior
379 975 542 1044 madidaque
556 975 643 1029 fluens
655 976 685 1028 in
699 981 783 1044 veste,
798 976 940 1030 Menoetes
977 970 993 980 ”’

206 1064 318 1118 Summa
329 1064 400 1130 petit
412 1063 515 1130 scopuli
529 1063 653 1131 siccaque
667 1063 696 1116 in
708 1079 776 1132 rupe
789 1064 898 1118 resedit.

204 1152 287 1205 Illum
300 1155 328 1202 et
340 1149 478 1202 labentem
493 1149 590 1203 Teucri
605 1159 633 1203 et
647 1150 732 1204 risere
744 1156 894 1219 natantem,

204 1241 241 1292 Et
254 1238 339 1292 salsos
351 1237 445 1290 rident
458 1246 648 1294 revomentem
663 1246 775 1309 pectore
787 1240 895 1294 fluctus.

204 1328 258 1380 Hic
270 1327 343 1378 laeta
355 1325 485 1377 extremis
498 1342 559 1393 spes
574 1334 615 1380 est
629 1344 743 1382 accensa
756 1328 869 1395 duobus,

205 1415 331 1482 Sergesto
344 1413 542 1484 Mnestheique,
555 1416 635 1483 Gyan
647 1433 777 1484 superare
788 1421 953 1469 morantem.

205 1504 347 1570 Sergestus
360 1504 433 1571 capit
447 1509 513 1557 ante
525 1504 616 1557 locum
631 1504 798 1572 scopuloque
807 1504 985 1572 propinquat,

205 1590 265 1644 Nec
278 1595 337 1644 tota
348 1595 442 1643 tamen
455 1591 500 1643 ille
517 1592 591 1660 prior
606 1596 756 1660 praeeunte
770 1591 877 1644 carina:

204 1677 287 1730 Parte
300 1679 393 1744 prior3
414 1683 522 1746 partem
535 1685 625 1732 rostro
639 1679 740 1746 premit
751 1677 859 1732 acunila
872 1677 978 1730 Pristis

204 1765 245 1817 At
256 1763 347 1817 media
359 1765 448 1818 socios
460 1765 591 1819 incedens
604 1783 675 1820 nave
687 1783 737 1834 per
750 1767 824 1834 ipsos

204 1851 340 1904 Hortatur
352 1851 527 1907 Mnestheus:
552 1854 568 1881 “
578 1853 667 1919 Nunc,
682 1869 756 1906 nunc
769 1852 902 1920 insurgite
915 1851 1006 1918 remis,

203 1939 333 1992 Hectorei
347 1940 420 2008 socii,
436 1940 533 1994 Troiae
548 1957 616 2009 quos
629 1946 703 1994 sorte
717 1956 845 2009 supreme

203 2029 299 2098 Delegi
314 2030 443 2098 comites3
465 2046 538 2082 nunc
553 2029 614 2082 illas
627 2029 747 2097 promite
760 2028 834 2094 viris,

204 2117 285 2171 Nunc
298 2119 410 2185 animos,
427 2117 525 2186 quibus
538 2117 567 2169 in
582 2115 706 2169 Gaetulis
725 2114 851 2181 Syrtibus
863 2115 905 2168 usi

204 2203 336 2274 Ionioque
349 2205 418 2258 mari
431 2203 589 2272 Maleaeque
608 2203 769 2272 sequacibus
781 2203 869 2256 undis

203 2290 269 2344 Non
280 2293 333 2346 iam
348 2292 437 2360 prima
450 2297 515 2360 peto
528 2290 697 2358 Mnestheus,
712 2307 801 2358 neque
815 2291 927 2343 vincere
940 2295 1016 2343 certo
1025 2308 1070 2356 ;—-

204 2377 376 2445 Quamquam
388 2378 511 2432 ol-Sed
523 2382 661 2446 superent,
674 2377 840 2446 quibushoc,
852 2376 877 2430 N
881 2381 991 2446 eptune,
1001 2375 1153 2442 dedisti3—

203 2464 350 2519 Extremos
362 2467 464 2534 pudeat
477 2467 607 2534 rediisse;
630 2467 683 2520 hoc
705 2466 817 2534 vincite,
832 2465 913 2530 cives,

203 2550 240 2604 Et
252 2552 398 2620 prohibete
410 2554 515 2608 nefas.'’
554 2553 608 2608 Olli
623 2554 776 2608 certamine
788 2569 895 2606 summo

202 2637 406 2703 Procumbunt3
430 2641 513 2694 vastis
525 2642 620 2694 tremit
632 2641 733 2696 ictibus
745 2657 824 2694 aerea
836 2640 944 2709 puppis,

203 2723 435 2794 Subtrahiturque
449 2727 535 2780 solum
548 2747 554 2794 3
576 2733 635 2780 turn
650 2729 747 2781 creber
760 2726 896 2780 anhelitus
909 2731 986 2788 artus

206 2811 343 2881 Aridaque
358 2830 406 2867 ora
419 2815 523 2882 quatit;
545 2816 630 2868 sudor
643 2815 705 2869 fluit
720 2815 838 2884 undique
851 2815 926 2869 rivis.

207 2899 307 2952 Attulit
319 2900 377 2968 ipse
390 2901 457 2953 viris
470 2906 595 2969 optatum
610 2919 688 2956 casus
699 2903 849 2956 honorem:

203 2983 329 3055 Namque
341 2989 435 3040 furens
447 2988 532 3042 animi
545 2989 611 3042 dum
625 3006 736 3057 proram
751 2990 785 3042 ad
799 3007 865 3043 saxa
878 2975 1009 3056 suburgct

203 3069 323 3127 Interior
336 3074 479 3142 spatioque
492 3076 565 3128 subit
579 3075 722 3144 Sergestus
735 3077 836 3145 inique,
916 3137 919 3142 ,

204 3155 303 3212 Infelix
316 3161 389 3214 saxis
402 3162 431 3213 in
443 3163 671 3230 procurrentibus
682 3163 778 3218 haesit

203 3245 358 3300 Concussae
371 3254 471 3315 cautes,
488 3255 515 3301 et
529 3255 609 3303 acuto
622 3251 651 3303 in
664 3251 768 3304 murice
781 3251 850 3304 romi

203 3332 305 3385 Ohnixi
318 3350 455 3403 crepuere,
471 3335 602 3405 inlisaque
615 3354 698 3405 prora
710 3338 848 3406 pependit.

204 3419 380 3486 Consurgunt
392 3427 493 3475 nautae
506 3429 534 3476 et
547 3440 647 3492 magno
661 3425 780 3477 clamore
791 3430 944 3494 morantur,

206 3504 384 3573 Ferratasque
397 3506 491 3559 trudes
504 3513 531 3560 et
544 3514 625 3562 acuta
638 3510 749 3576 cuspide
767 3515 865 3564 contos

1177 628 1227 682 175

1174 1504 1224 1556 185

1173 1941 1224 1992 190

1172 2379 1222 2430 195
