2656 3940
509 222 648 274 vanam
673 226 838 276 AENEIDOS
860 227 904 278 XI.

158 377 161 384 ’
201 383 308 438 Vertite
321 385 355 439 ad
370 387 493 441 Aenean.
532 385 664 440 Stetimus
677 387 734 441 tela
745 405 842 456 aspera
854 394 959 456 contra,

198 471 426 542 Oontulimusqne
439 490 550 528 manus:
573 481 689 542 experto
703 476 815 543 credite,
831 482 951 545 quantus

197 558 231 612 In
243 559 361 627 clipeum
374 560 511 628 adsurgat,
526 578 581 629 quo
595 562 707 615 turbine
719 569 849 632 torqueat
861 563 977 616 hastam.

197 644 225 697 si
239 645 294 698 duo
307 651 450 713 praeterea
462 646 526 700 talis
537 647 621 701 Idaea
634 648 741 702 tulisset

197 733 281 785 Terra
293 720 374 802 virae,
389 733 463 787 uitro
476 734 603 788 Inachias
616 735 737 788 venisset
750 718 784 790 ad
799 737 881 790 urbes

196 817 348 887 Dardanus,
361 825 389 872 et
403 821 488 874 versis
501 820 608 890 lugeret
621 821 736 876 Graecia
749 822 822 876 fatis.

197 907 337 975 Quidquid
349 907 420 976 apud
435 908 520 962 duras
533 915 668 962 cessatum
683 917 725 963 est
738 911 848 964 moenia
860 909 965 978 Troiae,

196 994 325 1047 Hectoris
339 993 504 1064 Aeneaeque
517 1013 602 1049 manu
616 997 732 1050 victoria
746 997 861 1052 Graium

197 1081 293 1135 Haesit
306 1088 334 1136 et
346 1082 374 1134 in
387 1081 524 1135 decimum
537 1084 652 1151 vestigia
669 1084 778 1138 rettulit
790 1101 902 1138 annum.

196 1170 289 1224 Ambo
302 1169 408 1238 animis,
423 1170 504 1224 ambo
517 1171 638 1239 insignes
652 1173 858 1239 praestantibus
872 1172 973 1238 armis3

196 1257 249 1312 Hic
262 1258 364 1326 pietate
376 1258 460 1325 prior.
498 1257 604 1312 (ioeant
616 1260 645 1312 in
658 1260 772 1314 foedera
785 1261 908 1328 dextrae,

196 1345 257 1410 Qua
269 1345 365 1413 datur3
387 1351 429 1398 ast
442 1345 524 1398 armis
536 1355 702 1400 concurrant
714 1365 789 1401 amna
801 1347 916 1401 cavete'

195 1432 232 1485 Et
244 1448 376 1500 responso
388 1433 469 1485 simul
482 1449 552 1501 quae
565 1435 628 1502 sint,
643 1452 693 1488 rex
706 1436 818 1503 optime,
833 1435 905 1503 regis

196 1519 315 1586 Audisti,
330 1526 358 1573 et
371 1537 440 1587 quaa
453 1519 489 1573 sit
502 1537 601 1588 magno
614 1523 752 1576 sententia
765 1522 864 1576 bello.’¹

231 1605 288 1658 Vix
301 1623 333 1659 ea
345 1606 445 1674 legati3
466 1607 613 1676 variusque
625 1626 675 1677 per
687 1627 736 1663 ora
748 1612 870 1663 cucurrit

196 1693 369 1747 Ausonidum
382 1695 495 1750 turbata
507 1697 625 1750 memor:
648 1714 698 1750 ceu
711 1713 777 1750 saxa
788 1703 932 1750 morantur

195 1782 266 1836 Oum
279 1780 390 1850 rapidos
403 1785 498 1852 amnis,
514 1783 544 1838 fit
558 1785 650 1839 clauso
662 1785 771 1852 gurgite
781 1801 913 1852 murmur,

195 1869 366 1940 Vicinaoque
379 1873 501 1925 fremunt
514 1873 590 1940 ripae
604 1873 804 1941 crepitantibus
817 1871 906 1926 undis.

195 1957 233 2010 Ut
246 1958 365 2027 primum
378 1959 479 2029 placati
493 1961 584 2026 animi,
600 1965 627 2014 et
640 1960 749 2030 trepida
760 1976 811 2019 ora
823 1959 961 2028 quierunt,

194 2045 338 2100 Praefatae
350 2046 429 2100 divos
441 2047 510 2101 solio
523 2063 571 2100 rex
586 2047 648 2100 infit
660 2049 695 2100 ab
707 2045 765 2100 alto
776 2065 782 2100 :

231 2135 248 2163 “
257 2135 332 2189 Ante
345 2135 471 2204 equidem
485 2151 591 2188 summa
603 2133 637 2188 de
650 2152 679 2188 re
692 2134 828 2202 statuisse,
842 2132 941 2194 Latini.

194 2221 231 2275 Et
243 2223 350 2288 vellem,
366 2229 394 2277 et
405 2224 498 2276 fuerat
510 2222 621 2287 meliua;
640 2238 697 2276 non
710 2227 835 2290 tempore
847 2221 897 2274 tali

195 2309 300 2377 Cogere
313 2311 467 2378 concilium,
483 2327 543 2363 cum
557 2326 651 2362 muros
663 2307 771 2363 adsidet
783 2308 879 2362 bostis.

195 2395 301 2450 Bellum
314 2398 511 2465 importunum,
526 2398 607 2464 cives,
621 2413 684 2450 cum
696 2402 780 2465 gente
792 2396 907 2449 deorum

193 2482 360 2553 Invictisque
373 2485 439 2537 viris
451 2485 579 2552 gerimus,
594 2500 661 2553 quos
673 2483 750 2536 nulla
761 2483 878 2550 fatigant

194 2569 310 2638 Proelia,
324 2587 376 2624 uec
391 2571 455 2624 victi
468 2577 584 2639 possunt
597 2571 729 2624 absistere
742 2570 825 2624 ferro.

194 2655 277 2724 Spem
290 2658 313 2710 si
326 2675 407 2726 quam
421 2659 511 2712 ascitis
526 2657 654 2711 Aetolum
668 2658 804 2712 habuistis
817 2659 847 2710 in
859 2657 950 2720 armis,

193 2743 307 2798 Ponite:
329 2761 390 2814 spes
403 2745 454 2798 sibi
468 2745 595 2814 quisque;
617 2745 665 2798 sed
679 2745 748 2799 hacc
761 2761 843 2812 quam
856 2749 982 2812 angusta,
997 2742 1107 2798 videtis

194 2831 293 2886 Oetera
307 2849 360 2901 qua
371 2848 463 2886 rerum
475 2832 585 2886 iaceant
597 2832 723 2900 perculsa
735 2833 822 2900 ruina,

193 2920 269 2973 Anto
283 2920 377 2974 oculos
389 2920 516 2989 interque
530 2935 628 2973 manus
640 2925 705 2972 sunt
718 2920 812 2974 omnia
820 2925 936 2972 vestras.

193 3006 253 3062 Nec
266 3024 429 3077 quemquam
442 3008 550 3062 incuso:
571 3007 663 3075 potuit
675 3023 744 3074 quae
756 3006 877 3075 plurimo
891 3007 978 3059 virtus

192 3093 267 3164 Esse,
282 3096 351 3162 iuit;
372 3101 432 3148 toto
445 3101 580 3148 certatum
594 3101 637 3148 est
649 3110 767 3162 corpore
779 3095 866 3162 regni.

193 3179 275 3234 Nunc
289 3182 365 3247 adeo,
381 3198 449 3250 quae
462 3182 497 3234 sit
509 3181 610 3236 dubiae
623 3181 762 3234 sententia
773 3182 868 3240 menti.

192 3267 346 3334 Expediam
359 3275 387 3321 et
399 3268 635 3336 paucis-animos
649 3266 926 3320 adhibite—docebo.

193 3355 242 3406 Est
255 3355 383 3421 antiquus
395 3371 460 3421 ager
472 3355 561 3410 Tusco
574 3356 641 3408 mihi
654 3354 797 3423 proximus
809 3354 892 3418 amni,

193 3438 303 3505 Longus
315 3440 341 3491 in
355 3455 490 3503 occasum,
505 3441 568 3494 finis
580 3459 661 3510 super
674 3457 759 3510 usque
773 3439 902 3506 Sicanos3

195 3524 319 3577 Aurunci
332 3522 482 3591 Rutulique
495 3534 597 3594 serunt,
612 3534 639 3580 et
652 3543 764 3581 vomere
777 3527 862 3580 duros
