2656 3940
414 217 552 268 VERGILI
575 218 740 269 snufflnos
762 219 805 269 XI.

98 381 216 435 Pectora
226 381 388 450 pectoribus
400 385 548 449 rumpunt;
569 397 699 435 excussus
712 382 856 436 Aconteus

97 468 233 522 Fulminis
244 469 273 521 in
287 485 393 521 morem
406 474 454 523 ant
465 473 605 522 tormento
618 468 749 537 ponderis
761 469 824 534 acti,

97 555 267 623 Praecipitat
279 556 369 623 longe,
385 561 413 608 et
425 556 512 608 vitam
525 555 660 624 dispergit
673 556 702 609 in
715 571 803 610 auras.

95 643 246 710 Extemplo
259 643 386 696 turbatae
400 642 480 709 acies,
493 643 619 710 versique
629 641 721 696 Latini

96 729 228 783 Reicinnt
241 745 349 798 parmas
362 734 390 783 et
402 745 487 798 equos
499 728 533 783 ad
546 730 656 784 moenia
669 735 789 784 vertunt.

95 817 184 870 Troes
196 822 296 884 agunt3
316 817 446 884 princeps
457 823 562 870 turmas
574 816 680 870 inducit
695 817 793 872 Asilas.

95 905 212 972 lamque
225 903 448 972 propinquabant
459 903 555 970 portis,
570 920 718 973 rursusque
731 903 824 960 Latini

95 991 257 1045 Clamorem
266 990 375 1058 tollunt,
390 995 419 1043 et
431 990 524 1044 mollia
537 989 608 1044 colla
621 991 782 1048 reflectunt:

96 1079 134 1132 Hi
147 1078 269 1146 fugiunt,
284 1077 447 1147 penitusque
460 1077 532 1131 datis
546 1079 703 1133 ret'eruntur
715 1080 837 1135 habenis.

96 1165 195 1232 Qualis
208 1165 255 1218 ubi
268 1164 375 1218 alterno
387 1181 552 1233 procurrens
567 1168 675 1236 gurgite
687 1174 790 1237 pontus

95 1253 182 1307 Nunc
194 1253 250 1304 ruit
264 1252 298 1304 ad
310 1245 617 1324 terram,'scopulosqne
629 1256 776 1324 superiacit
789 1256 864 1310 unda

96 1341 243 1409 Spumeus,
257 1345 462 1408 extremamque
474 1342 535 1396 sinu
546 1343 689 1412 perfundit
700 1344 847 1408 harenam
945 1331 947 1336 ¹

97 1427 181 1480 Nunc
193 1425 307 1493 rapidus
319 1431 395 1480 retro
407 1433 488 1496 atquc
501 1441 579 1484 aestu
592 1431 719 1485 revoluta
731 1430 879 1484 resorbens

97 1514 171 1568 Saxa
183 1513 265 1580 fugit,
278 1513 398 1581 litusque
411 1515 481 1570 vado
492 1517 602 1572 labente
615 1518 754 1587 relinquit.

97 1600 147 1654 Bis
160 1599 239 1654 Tusci
255 1601 373 1656 Rutulos
385 1620 466 1673 egere
480 1605 514 1658 ad
528 1606 637 1659 moenia
650 1621 761 1668 versos;

96 1687 147 1740 Bis
159 1687 256 1741 reiecti
270 1690 353 1742 armis
367 1697 523 1759 respectant
538 1697 615 1761 terga
628 1698 761 1760 tegentes.

97 1775 191 1828 Tertia
204 1775 252 1828 sed
265 1783 411 1846 postquam
426 1780 564 1846 congressi
577 1780 606 1832 in
620 1780 726 1849 proelia
737 1785 812 1833 totas

97 1862 264 1932 implicuere
276 1865 350 1918 inter
363 1883 392 1920 sc
405 1867 484 1934 acies,
500 1867 620 1936 legitque
634 1869 724 1921 virum
739 1868 788 1934 vir,

97 1952 166 2004 Tum
180 1969 250 2005 vero
264 1958 291 2006 et
303 1954 422 2020 gemitus
435 1955 610 2022 morientum,
627 1960 655 2008 et
669 1956 842 2023 sanguinein
855 1955 912 2008 alto

97 2039 241 2108 Armaque
254 2056 422 2110 corporaque
435 2047 463 2094 et
475 2042 605 2109 permixti
619 2043 703 2096 caede
718 2043 838 2095 virorum

97 2128 281 2181 Semianimes
292 2127 443 2182 volvuntur
456 2130 535 2197 equi;
556 2147 648 2198 pugna
660 2146 757 2198 aspera
769 2131 864 2197 surgit.

97 2215 263 2270 Orsilochus
274 2217 391 2285 Remuli,
407 2217 515 2286 quando
528 2218 619 2285 ipsum
632 2217 764 2271 horrebat
777 2217 860 2279 adire,

97 2304 215 2358 Hastam
229 2305 341 2358 intorsit
353 2322 431 2375 equo,
446 2305 602 2373 ferrumque
616 2305 666 2358 sub
679 2321 744 2358 aure
757 2304 878 2373 reliquit.

98 2391 160 2456 Quo
173 2393 286 2460 sonipes
298 2393 355 2446 ictu
368 2393 435 2445 furit
448 2392 557 2459 arduus,
572 2392 681 2461 altaque
694 2392 778 2445 iactat

97 2478 233 2532 Vulneris
245 2479 391 2548 impatiens
404 2485 512 2533 arrecto
525 2485 637 2548 pectore
650 2495 736 2533 crura

96 2564 233 2618 Volvitur
246 2565 292 2619 ille
305 2583 435 2619 excussus
446 2567 532 2620 humi.
571 2565 687 2620 Catillus
699 2564 794 2632 Iollan,

96 2653 300 2721 ingentemque
312 2653 417 2719 animis,
431 2653 571 2721 ingentem
585 2670 701 2723 corpore
714 2660 742 2706 et
755 2653 838 2706 armis

96 2740 192 2794 Deicit
206 2739 388 2802 Herminium,
402 2741 477 2794 nudo
491 2741 535 2795 cui
550 2742 653 2794 vertice
666 2740 745 2794 fulva

97 2828 250 2894 Caesaries,
262 2827 383 2896 nudique
395 2828 499 2894 umeri;
521 2845 573 2882 nec
587 2829 701 2882 volnera
714 2832 835 2891 terrent;

97 2915 204 2969 Tantus
215 2915 243 2967 in
258 2930 334 2968 arma
346 2920 430 2984 patet.
467 2914 551 2969 Latos
563 2915 629 2970 huic
642 2916 721 2970 hasta
733 2933 783 2984 per
797 2931 888 2968 armos

98 3003 172 3056 Acta
184 3002 287 3069 tremit,
303 3002 479 3070 duplicatque
493 3003 581 3054 virum
595 3003 728 3058 transfixa
741 3003 844 3058 dolore.

98 3087 237 3142 Funditur
249 3095 309 3142 ater
321 3090 423 3159 ubique
437 3106 534 3159 cruor3
555 3088 622 3142 dant
634 3090 732 3144 funera
744 3092 818 3143 ferro

100 3175 255 3244 Gertuntes,
269 3176 468 3245 pulchramque
480 3181 580 3244 petunt
592 3193 641 3244 per
655 3177 767 3230 volnera
780 3185 909 3231 mortem.

134 3263 175 3317 At
188 3263 293 3317 medias
305 3264 380 3316 inter
392 3263 490 3317 caedes
503 3263 625 3316 exsultat
639 3265 772 3330 Amazon,

100 3348 191 3403 Unum
205 3358 315 3404 exserta
327 3351 400 3404 latus
412 3366 527 3418 pugnae,
543 3350 704 3418 pharetrata
717 3349 850 3414 Oarnilla3

97 3437 135 3492 Et
146 3455 220 3492 nunc
233 3439 310 3492 lenta
323 3455 406 3492 mann
420 3454 552 3506 spargens
565 3438 675 3492 hastilia
688 3438 793 3503 denset,

97 3523 125 3578 N
127 3543 180 3580 unc
192 3526 312 3581 validam
325 3526 424 3579 dextra
436 3525 509 3594 rapit
521 3525 657 3578 indefessa
669 3524 834 3594 bipennem
