2656 3940
498 227 636 278 vnaorm
660 229 824 279 aursinos
847 230 890 280 rx.
915 203 919 208 ’

184 389 318 444 Demens!
339 391 386 459 qui
399 390 532 444 Rutulum
545 390 574 443 in
587 391 680 444 medio
693 407 751 444 non
764 391 873 459 agmine
886 407 979 460 regem

184 477 295 530 Viderit
308 478 520 546 inrumpentem,
536 477 663 545 ultroque
676 478 821 532 incluserit
834 478 904 546 urbi,

183 563 335 618 Immunem
351 565 434 618 veluti
448 581 548 632 pecora
560 565 634 618 inter
646 565 747 618 inertia
760 565 863 634 tigrim.

184 652 324 707 Continuo
336 670 409 706 nova
420 653 468 706 lux
481 653 567 706 oculis
580 653 692 720 effulsit,
708 660 736 707 et
749 670 827 707 arma

183 739 361 794 Horrendum
374 756 507 807 sonuere;
527 745 651 794 tremunt
663 741 692 793 in
704 741 810 794 vertice
822 741 921 796 cristae

183 826 364 895 Sanguinem,
381 827 526 896 clipeoque
539 827 669 880 micantia
681 827 800 881 fulmina
812 829 907 882 mittit.

183 915 346 983 Agnoscunt
358 914 456 968 faciem
470 915 587 968 invisam
601 920 684 983 etque
696 915 829 968 immania
840 917 966 970 membra

181 999 296 1054 Turbati
310 1000 401 1053 subito
414 999 571 1053 Aeneadae.
608 987 678 1051 'lum
691 999 835 1054 Pandarus
848 1002 946 1070 ingens

181 1088 297 1155 Emicat,
313 1093 341 1141 et
354 1087 451 1141 mortis
462 1087 602 1142 fraternae
615 1086 739 1140 fervidus
750 1087 792 1141 ira

181 1175 306 1229 Effatur:
328 1177 345 1205 “
355 1174 420 1228 Non
433 1174 501 1229 baec
514 1164 613 1228 dotalis
628 1175 703 1242 regia
716 1177 849 1243 Amatae;

181 1263 241 1317 Neo
254 1263 340 1316 muris
353 1262 464 1316 cohibet
477 1263 576 1330 patriis
587 1263 679 1316 media
691 1263 786 1317 Ardea
800 1263 933 1318 Turnum.

182 1351 281 1404 Castra
292 1350 405 1404 inimica
418 1349 510 1416 vides,
530 1349 606 1403 nulla
620 1350 685 1404 binc
699 1352 773 1404 exire
787 1351 937 1419 potestas.''

182 1438 238 1492 Olli
252 1437 397 1491 subridens
411 1436 507 1492 sedato
520 1442 634 1506 pectore
647 1437 770 1492 Turnus:
827 1507 831 1515 Ι

184 1528 200 1555 “
209 1525 311 1593 Incipe,
326 1526 348 1578 si
363 1542 417 1594 qua
429 1525 522 1578 animo
537 1525 631 1593 virtus,
646 1531 675 1578 et
686 1541 801 1580 consere
813 1526 956 1580 dextram:

181 1611 235 1666 Hio
249 1612 330 1665 etiam
345 1611 489 1664 inventum
502 1611 612 1666 Priamo
625 1612 750 1666 narrabis
763 1611 919 1667 Achillen.”

181 1698 306 1752 Dixerat.
344 1697 394 1752 Illa
406 1698 503 1752 rudem
516 1700 596 1752 nodis
609 1705 638 1753 et
650 1701 753 1754 cortice
765 1700 851 1754 crudo

182 1788 328 1856 intorquet
342 1789 456 1842 summis
469 1789 587 1842 adnixus
598 1788 704 1841 viribus
716 1787 842 1841 hastam:

181 1874 322 1944 Excepere
336 1892 432 1941 aurae,
453 1875 554 1929 volnus
568 1875 697 1929 Saturnia
709 1875 780 1928 Iuno

181 1962 306 2016 Detorsit
320 1963 440 2031 veniens,
455 1969 606 2032 portaeque
618 1962 742 2029 infigitur
755 1962 841 2018 basta.

183 2050 249 2103 “At
263 2066 317 2103 non
332 2050 386 2104 hoc
398 2050 493 2117 telum,
507 2067 569 2103 mea
582 2049 655 2117 quod
668 2050 696 2101 vi
709 2049 825 2102 dextera
836 2054 938 2110 versat,

181 2137 319 2206 Effugies3
340 2153 429 2207 neque
442 2137 514 2191 euim
529 2138 552 2190 is
564 2137 612 2192 teli
624 2153 676 2190 nec
688 2136 810 2190 volueris
823 2137 949 2190 auctor.’'

181 2225 227 2279 Sic
239 2227 285 2293 ait,
301 2231 328 2279 et
342 2225 478 2279 sublatum
496 2225 549 2279 alte
563 2223 707 2292 consurgit
718 2224 748 2276 in
761 2241 863 2286 ensem,

181 2313 218 2366 Et
230 2313 347 2366 mediam
361 2314 435 2367 ferro
449 2313 561 2382 gemina
573 2313 646 2366 iuter
659 2322 786 2380 tempore
799 2312 920 2366 frontem

180 2399 288 2453 Dividit
299 2401 473 2470 impubisque
486 2401 599 2454 immani
612 2399 727 2454 volnere
738 2399 832 2454 malas.

181 2487 226 2539 Fit
239 2504 336 2555 sonus3
358 2488 463 2555 ingenti
476 2505 609 2542 concussa
621 2492 663 2540 est
675 2487 799 2556 pondere
811 2485 909 2552 tellus,

182 2573 334 2641 Goulapsos
347 2579 422 2626 artus
434 2580 517 2643 atque
529 2591 605 2628 arma
619 2579 734 2628 cruenta
746 2574 861 2629 cerebro

181 2659 287 2714 Sternit
298 2661 375 2714 humi
390 2663 517 2726 moriens,
533 2669 615 2731 atque
628 2662 667 2715 illi
682 2661 807 2731 partibus
820 2662 914 2730 aequis

182 2748 243 2802 Huo
256 2754 340 2817 caput
352 2754 434 2818 atque
446 2749 511 2803 illuc
523 2766 619 2804 umero
632 2767 666 2804 ex
678 2755 796 2817 utroque
810 2749 948 2817 pependit.

110 2843 117 2859 ¹
180 2836 339 2904 Diffugiunt
353 2837 424 2890 versi
437 2837 546 2906 trepida
557 2837 708 2890 tormidine
721 2836 813 2890 Troes.

181 2923 224 2992 Et,
240 2924 264 2976 si
277 2925 409 2978 continuo
422 2925 556 2978 victorem
570 2941 603 2978 ea
616 2941 681 2978 eura
694 2924 820 2990 subisset,

182 3010 321 3079 Rumpere
335 3011 453 3065 claustra
465 3027 549 3064 manu
562 3011 706 3080 sociosque
718 3011 868 3064 immittere
881 3010 976 3079 portis,

182 3097 303 3152 Ultimus
314 3098 361 3152 ille
373 3098 432 3152 dies
444 3098 517 3152 bello
529 3099 660 3167 gentique
671 3097 776 3152 fuisset.

181 3184 234 3237 Sed
248 3184 325 3238 furor
339 3185 481 3239 ardentem
494 3185 641 3254 caedisque
653 3185 751 3238 insana
762 3183 864 3253 cupido

181 3270 246 3339 Egit
258 3271 287 3323 in
301 3271 440 3326 adversos.

182 3357 323 3424 Principio
336 3357 473 3411 Phalerim
488 3363 516 3411 et
529 3359 633 3412 succiso
647 3359 754 3427 poplite
767 3358 866 3426 Gygen

182 3443 305 3511 Excipit;
326 3443 389 3497 hinc
402 3450 496 3513 raptas
508 3446 677 3513 fugientibus
689 3446 794 3513 ingerit
806 3446 899 3500 bastae

183 3528 216 3582 In
229 3535 351 3597 tergum;
373 3531 443 3584 luno
457 3531 522 3585 viris
534 3533 711 3600 animumque
724 3532 871 3588 ministrat.
