2668 3942
416 251 554 302 vanam
576 253 741 304 nanninus
763 254 819 304 XII.

105 414 195 467 Hasta
206 429 292 481 meos,
308 430 381 467 nunc
393 418 502 483 tempus
515 414 608 482 adest;
628 422 658 469 te
669 417 806 470 maximus
818 416 915 486 Actor,

105 501 144 554 Ta
156 501 244 554 Turni
255 517 330 554 nnnc
343 500 442 554 dextra
454 501 540 570 gerit:
561 502 596 556 da
609 508 732 558 sternere
745 519 844 572 corpus

105 588 288 657 Loricamque
300 605 385 642 manu
397 588 488 642 valida
499 588 621 643 lacerare
634 591 771 644 revulsam

106 675 234 728 Semiviri
247 675 373 742 Phrygis,
388 681 416 728 et
428 676 540 730 foedare
553 677 581 730 in
596 677 709 746 pulvere
722 679 806 732 crinis

106 760 242 814 Vibratos
255 761 344 815 calido
356 763 430 816 ferro
443 779 590 833 murraque
601 765 763 819 madentia.”

106 849 158 902 His
171 850 263 916 agitur
275 850 360 914 furiis,
375 856 491 919 totoque
504 851 626 906 ardentis
639 853 673 906 ab
686 871 735 907 ora

106 935 250 990 Scintillae
263 937 414 1004 absistuut3
434 938 521 991 oculis
532 940 617 995 micat
630 942 738 996 acribus
750 944 830 1013 ignis.

104 1025 230 1094 Mugitus
242 1024 328 1078 veluti
341 1041 403 1077 cnm
416 1025 506 1093 prima
516 1027 546 1079 iu
558 1029 663 1096 proelia
675 1035 769 1084 taurus

105 1112 253 1166 Terrificos
266 1112 320 1166 ciet
333 1117 415 1180 atque
427 1113 508 1166 irasci
522 1114 549 1167 in
563 1133 666 1172 cornua
678 1125 804 1188 temptat,

105 1205 226 1259 Arboris
239 1204 356 1257 obnixus
368 1209 476 1274 trunco,
492 1215 643 1276 ventosque
655 1209 764 1262 lacessit

104 1295 219 1360 Ictibus,
234 1300 282 1348 aut
294 1310 388 1362 sparsa
402 1293 435 1346 ad
451 1311 572 1363 pugnam
586 1297 709 1366 proludit
720 1297 833 1353 harena.

142 1381 205 1436 Nec
216 1381 307 1434 minua
319 1382 425 1436 interea
437 1384 569 1436 maternis
583 1401 680 1438 saevus
691 1384 720 1436 in
734 1384 817 1438 armis

105 1472 220 1525 Aeneas
232 1471 306 1524 acuit
318 1469 436 1523 Martem
451 1475 479 1522 et
492 1487 521 1523 se
534 1472 649 1526 suscitat
660 1472 709 1536 ira,

105 1559 210 1614 Oblata
223 1559 344 1627 gaudeus
357 1559 485 1627 componi
499 1559 613 1613 foedere
624 1559 735 1613 bellum.

105 1648 177 1702 Tum
191 1649 281 1702 socios
293 1649 445 1717 maestique
459 1654 563 1700 metum
579 1647 682 1700 solatur
694 1645 755 1715 Iuli,

104 1736 177 1790 Fata
189 1737 300 1804 docens,
315 1736 428 1805 regique
441 1736 519 1789 iubet
531 1751 664 1804 responsa
677 1733 776 1788 Latino

104 1825 192 1878 Certa
205 1825 311 1877 referre
322 1824 405 1883 viros,
421 1832 449 1875 ct
463 1822 539 1890 pacis
552 1822 643 1876 dicere
655 1822 737 1889 leges.

141 1913 259 1967 Postera
273 1913 318 1964 vix
331 1927 453 1964 summos
467 1911 613 1979 spargebat
625 1910 729 1964 lumine
739 1911 844 1964 montis

104 2000 177 2054 Orta
190 2000 257 2066 dies,
272 2017 332 2054 cum
346 1999 466 2067 primum
481 1999 536 2052 alto
550 2015 578 2052 sa
591 1999 698 2066 gurgite
710 1997 813 2051 tollunt

104 2087 177 2141 Solis
191 2087 261 2156 equi,
275 2087 418 2154 lucemque
433 2086 511 2139 elntis
523 2085 637 2139 naribus
650 2085 758 2139 efflant:

104 2173 243 2242 (lampnm
257 2174 290 2228 ad
304 2179 443 2228 certamen
457 2190 572 2240 maguae
586 2173 636 2226 sub
649 2173 795 2226 moenibus
806 2173 884 2226 urbis

104 2260 234 2314 Dimensi
246 2261 395 2330 Rutulique
409 2260 461 2313 viri
476 2259 627 2328 Teucrique
640 2261 784 2328 parabant,

104 2347 139 2400 ln
151 2348 299 2417 medioque
312 2349 389 2402 focos
401 2353 429 2400 et
443 2347 484 2399 dis
499 2347 691 2400 communibus
703 2363 764 2400 oras

104 2435 288 2502 Gramincas3
309 2436 354 2490 alii
367 2436 531 2504 fontemque
544 2436 690 2504 ignemque
702 2435 838 2500 ferebant,

104 2523 203 2577 Velati
214 2523 289 2591 limo,
305 2528 333 2576 et
345 2524 466 2577 verbena
480 2527 606 2591 tempora
619 2522 712 2576 vincti.

103 2609 238 2663 Procedit
250 2609 322 2678 legio
334 2610 516 2666 Ausonidum.
532 2609 670 2678 pilataque
683 2610 771 2678 plenis

103 2698 228 2763 Agmina
241 2713 270 2750 sc
281 2697 402 2751 fundunt
414 2698 510 2766 portis.
549 2696 621 2750 Hinc
634 2695 730 2750 Troius
742 2696 832 2749 omnis

102 2784 318 2853 Tyrrhenusque
331 2785 387 2838 ruit
399 2785 483 2838 variis
497 2784 634 2837 exercitus
648 2784 740 2851 armis,

103 2871 187 2924 Haud
202 2887 279 2924 secus
291 2871 419 2926 instructi
433 2872 514 2938 ferro,
531 2887 611 2940 quarn
627 2871 649 2922 si
663 2887 760 2938 aspera
773 2871 869 2925 Martie

102 2957 203 3026 Pugna
215 2963 304 3012 vocet.
342 2957 402 3012 Nec
415 2975 472 3012 nou
485 2957 624 3011 mediisin
637 2957 748 3010 milibus
760 2957 812 3026 ipsi

101 3045 243 3098 Ductores
256 3062 323 3099 auro
336 3046 456 3099 volitant
470 3051 600 3114 ostroque
614 3045 731 3113 superbi,

101 3131 139 3184 Et
151 3149 239 3199 gomis
252 3133 379 3186 Assaraci
393 3132 559 3191 Mnestheus.
575 3138 602 3185 et
615 3132 696 3186 fortis
708 3132 808 3199 Asilas,

102 3218 140 3271 Et
149 3219 292 3287 Messapus
304 3237 405 3288 equum
418 3219 546 3285 domitor,
562 3217 704 3288 Neptunia
715 3219 814 3287 proles.

103 3305 196 3374 thue
209 3306 275 3360 dato
288 3307 368 3374 signo
384 3307 472 3373 spatia
484 3306 513 3359 iu
527 3323 576 3360 sua
589 3306 701 3375 quisque
714 3307 833 3375 recessit,

102 3393 236 3462 Defigunt
249 3393 343 3448 telluri
356 3393 449 3446 hastas
462 3399 489 3447 et
503 3399 580 3447 scuta
592 3392 735 3447 reclinant.

101 3481 171 3534 Tum
185 3481 279 3535 studio
293 3481 399 3534 effusae
411 3485 513 3534 matres
526 3487 554 3534 et
566 3481 664 3548 volgus
677 3481 813 3533 inermum

75 3622 79 3629 ,
101 3567 275 3638 Invalidiquc
289 3583 369 3622 senes
380 3566 464 3620 turris
477 3575 505 3621 et
518 3571 591 3620 tecta
604 3567 756 3620 domorum-
