2730 3936
478 227 617 278 vaserat
640 227 829 277 GEORGIOON
851 225 897 275 ΙΙΙ.

177 389 240 457 lpse
252 405 336 443 manu
346 389 483 458 salsasque
496 390 567 443 ferat
579 389 773 458 praesaepibus
786 388 894 441 herbas.

176 474 249 529 Hine
262 485 290 529 et
302 484 396 530 amant
408 476 506 530 fluvios
518 478 612 545 magis,
628 482 656 530 et
668 476 755 545 magis
768 476 854 529 ubera
866 474 993 538 tendunt,

176 562 213 615 Et
226 563 289 616 salis
302 563 439 617 occultum
452 565 578 617 referunt
591 564 619 616 in
633 564 704 618 lacte
717 579 852 632 saporem.

175 649 255 703 Multi
269 651 323 704 iam
337 656 463 704 excretos
476 651 626 719 prohibent
638 667 654 704 a
666 650 801 704 matribus
813 648 925 716 haedoS,
941 637 942 640 ¹

176 737 323 805 Primaque
335 737 446 790 ferratis
458 737 614 805 praefigunt
627 753 677 790 ora
689 737 824 806 capistris.

176 823 257 888 Quod
269 831 398 893 surgente
411 824 455 878 die
468 824 586 877 mulsere
598 824 726 893 horisque
739 824 851 891 diurnis,

177 913 266 967 Nocte
278 919 423 982 premunt3
444 914 517 982 quod
530 913 585 966 iam
598 914 721 967 tenebris
734 921 762 966 et
775 913 832 966 sole
845 912 968 980 cadente,

176 1001 232 1054 Sub
245 1001 334 1055 lucem
348 1007 497 1070 exportant
509 1001 719 1055 calathis-adit
732 1001 834 1070 oppida
846 1006 975 1070 pastor-

176 1090 234 1141 Aut
248 1106 332 1156 parco
344 1089 400 1143 sale
412 1089 578 1157 contingunt
592 1088 731 1156 hiemique
743 1093 890 1156 reponunt.

210 1176 270 1231 Nec
283 1178 335 1230 tibi
348 1193 414 1231 cura
427 1193 525 1231 canum
538 1176 621 1229 fuerit
635 1185 782 1244 postrema
797 1175 845 1228 sed
858 1191 913 1229 una

175 1263 287 1318 Veloois
300 1264 416 1332 Spartae
429 1263 534 1318 catulos
548 1279 694 1331 acremque
707 1262 859 1316 Molossum

174 1349 260 1404 Pasce
273 1368 335 1404 sero
347 1352 450 1419 pingui.
490 1351 647 1420 Numquam
661 1349 821 1404 custodibus
834 1349 889 1402 illis

175 1437 349 1491 Nocturnum
363 1439 477 1492 stabulis
490 1439 578 1493 iurem
592 1439 769 1506 incursusque
784 1437 920 1505 luporum,

175 1525 234 1578 Ant
245 1525 398 1592 impacatos
411 1543 427 1578 a
439 1531 517 1592 tergo
530 1525 654 1578 horrebis
667 1525 795 1579 Hiberos.

176 1612 263 1680 Saepe
275 1613 358 1666 etiam
372 1630 453 1666 cursu
465 1612 578 1666 timidos
590 1613 706 1680 agitabis
719 1627 846 1679 onagros,

174 1699 212 1752 Et
224 1701 336 1754 canibus
348 1699 478 1768 leporem,
493 1701 606 1754 canibus
621 1700 755 1754 venabere
769 1698 907 1766 dammas3

175 1786 262 1855 Saepe
276 1787 426 1841 volutabris
438 1788 532 1856 pulsos
544 1788 715 1842 silvestribus
726 1803 808 1856 apros

174 1873 289 1928 Latratu
303 1875 428 1928 turbabis
440 1891 531 1943 agens,
547 1876 703 1944 montisque
715 1891 765 1942 per
778 1873 848 1928 altos

174 1960 320 2028 Ingentem
333 1962 453 2016 clamore
466 1979 575 2030 premes
589 1963 623 2016 ad
636 1963 706 2016 retia
720 1977 840 2015 cervum.

210 2048 292 2102 Disce
305 2055 333 2102 et
346 2049 490 2103 odoratam
500 2050 614 2102 stabulis
627 2048 777 2103 accendere
789 2047 911 2114 cedrum,

176 2134 370 2204 Galbaneoque
383 2137 488 2204 agitare
502 2137 594 2204 gravis
607 2136 704 2190 nidore
718 2135 872 2202 chelydros.

176 2223 325 2292 Saepe.sub
338 2223 461 2276 immotis
473 2224 668 2292 praesaepibus
680 2228 728 2276 aut
742 2222 814 2276 mala
826 2226 902 2276 tactu

175 2310 282 2377 Vipera
294 2310 403 2363 delituit
415 2311 574 2378 caelumque
588 2311 721 2365 exterrita
734 2310 815 2378 fugit,

175 2399 234 2450 Aut
247 2403 321 2450 tecto
334 2397 465 2450 adsuetus
478 2398 589 2451 coluber
602 2398 751 2452 succedere
764 2402 793 2451 et
806 2397 928 2464 umbrae,

175 2484 265 2537 Pestis
277 2484 376 2538 acerba
389 2484 481 2552 boum,
495 2485 643 2554 pecorique
657 2501 801 2554 aspergere
815 2484 898 2550 virus,

176 2571 257 2624 Fovit
269 2572 393 2625 humum.
433 2572 507 2640 Cape
520 2589 587 2626 saxa
599 2589 690 2639 manu,
706 2589 773 2641 cape
787 2572 895 2638 robora,
911 2576 1005 2638 pastor

175 2660 383 2728 Tollentemque
396 2660 485 2713 minas
498 2665 526 2712 et
539 2660 618 2713 sibila
630 2659 701 2713 oolla
713 2665 864 2713 tumentem

175 2746 268 2800 Deice.
306 2746 418 2814 Iamque
431 2746 495 2813 fuga
507 2747 632 2800 timidum
648 2751 732 2815 eaput
744 2746 851 2800 abdidit
863 2744 927 2812 alte,

176 2832 246 2886 Cum
259 2833 343 2886 medii
356 2849 443 2886 nexus
456 2837 649 2901 extremaeque
663 2833 772 2901 agmina
784 2832 886 2886 caudae

175 2919 334 2986 Solvuntur,
349 2919 499 2988 tardosque
511 2920 599 2973 trahit
612 2921 688 2973 sinus
702 2920 814 2973 ultimus
827 2919 909 2972 orbis.

175 3006 225 3059 Est
238 3007 320 3060 etiam
335 3007 380 3060 ille
393 3006 482 3060 malus
495 3007 618 3062 Oahbris
631 3007 658 3060 in
673 3006 787 3060 saltibus
800 3007 904 3074 anguis,

175 3094 311 3163 Squamea
323 3094 489 3147 convolvens
501 3094 610 3148 sublato
622 3100 734 3162 pectore
746 3101 825 3162 terga

174 3182 268 3250 Atque
281 3183 355 3235 notis
367 3181 477 3250 longam
491 3182 646 3236 maculosus
659 3181 809 3248 grandibus
821 3182 922 3248 alvum,

175 3269 237 3338 Qui,
252 3270 318 3322 dum
331 3286 426 3323 amnes
439 3269 487 3322 ulli
500 3275 668 3336 rumpuntur
681 3269 805 3321 lontibus
817 3275 845 3322 et
858 3269 924 3320 dum

175 3356 250 3412 Vere
263 3357 377 3412 madent
389 3357 444 3409 udo
457 3362 548 3410 terrae
561 3372 593 3410 ac
607 3355 771 3422 pluvialibus
784 3356 892 3422 austris,

176 3444 281 3510 Stagna
293 3444 367 3509 colit,
382 3443 503 3511 ripisque
515 3442 650 3509 habitans,
665 3441 711 3495 hic
725 3442 845 3510 piscibus
858 3447 946 3494 atrum

176 3530 323 3597 lmprobus
336 3528 485 3596 ingluviem
499 3528 627 3595 ranisque
640 3528 800 3595 loquacibus
813 3528 921 3596 explet3
