2668 3942
406 201 544 251 VERGILI
566 201 731 252 caminos
752 200 810 252 XII.

90 365 249 420 Subsident
260 364 369 418 Teucri.
405 363 512 417 Morem
524 363 648 432 ritusque
660 379 801 418 sacrorum

91 451 232 519 Adiciam,
247 450 404 519 faciamque
416 449 505 502 omnis
517 466 573 502 uno
586 466 633 503 ore
647 449 769 503 Latinos.

92 537 167 591 iiiuc
179 553 271 606 genus
283 536 410 590 Ausonio
421 536 540 590 mixtum
552 536 624 605 quod
639 535 771 605 sanguiue
784 542 886 606 surget,

92 625 185 692 bjupra
198 623 337 690 homines,
352 638 435 691 supra
447 624 487 677 ire
499 623 566 678 deos
577 623 681 693 pietate
695 622 808 690 videbis,

93 711 117 764 N
121 728 154 766 ec
167 727 240 779 gens
254 709 310 764 ulla
320 720 384 763 tuos
396 727 482 779 aeque
495 710 645 765 celebrabit
657 710 806 764 honores.”

92 798 205 852 Adnuit
217 797 262 850 his
274 796 353 866 Iuno,
367 802 395 851 et
407 803 530 851 mentem
542 798 644 852 laetata
656 799 777 854 retorsit.

92 885 209 939 Interea
222 884 332 938 excedit
344 884 428 951 caelO,
444 885 598 955 nubemque
610 886 749 957 relinquit.

129 973 183 1026 His
196 973 267 1027 actis
280 972 354 1026 aliud
367 972 484 1027 Genitor
495 990 587 1028 secum
601 975 660 1044 ipse
673 975 787 1045 volutat,

93 1060 297 1130 Iuturnamque
309 1066 388 1130 parat
400 1060 496 1114 fratris
508 1061 647 1116 dimittere
660 1063 695 1116 ab
707 1064 799 1118 armis.

93 1150 235 1204 Dicuntur
248 1151 374 1218 gemInae
386 1157 480 1219 pestes
492 1151 656 1219 cognomine
669 1150 761 1218 Dirae,

95 1239 172 1304 Quas
184 1243 215 1292 et
226 1237 387 1293 Tartaream
401 1238 464 1293 Nox
476 1240 643 1309 intempesta
654 1239 811 1308 Megaeram

95 1325 159 1379 Uno
172 1325 327 1395 eodemque
339 1325 403 1380 tulit
415 1332 505 1396 partu,
521 1329 685 1398 paribusque
697 1329 821 1383 revinxit

94 1415 263 1484 Serpentum
276 1416 364 1485 spiris,
381 1421 563 1486 ventosasque
576 1416 683 1470 addidit
695 1417 760 1472 alas.

95 1504 156 1558 Hae
168 1503 246 1557 Iovis
258 1503 293 1556 ad
306 1504 406 1558 solium
420 1506 547 1574 saevique
559 1506 589 1558 iu
601 1505 697 1559 limine
710 1506 781 1574 regia

95 1594 252 1663 Apparent‚
266 1600 422 1664 acuuntque
436 1600 540 1650 metum
552 1595 717 1649 mortalibus
729 1593 826 1662 aegris,

94 1681 124 1735 Si
136 1681 250 1751 quaudo
260 1681 347 1736 letum
359 1682 521 1736 horrificum
534 1683 699 1751 morbosque
712 1681 792 1736 deum
806 1696 856 1735 rex

93 1769 219 1836 Molitur,
233 1770 346 1823 meritas
359 1777 406 1824 aut
418 1770 491 1824 bello
503 1771 613 1824 territat
624 1771 715 1824 urbes.

92 1857 202 1912 Harum
212 1874 297 1911 uuam
310 1857 427 1912 celerem
440 1857 550 1912 demisit
562 1858 597 1912 ab
609 1857 721 1912 aethere
733 1872 841 1910 summo

93 1945 227 2014 Iuppiter,
243 1945 325 2015 inque
338 1961 419 1998 omen
432 1945 564 2000 Iuturnae
577 1957 720 2000 occurrere
732 1944 821 1999 iussit.

92 2032 147 2087 Illa
160 2033 245 2101 volat,
260 2032 397 2102 celerique
409 2033 445 2086 ad
457 2029 562 2086 terram
574 2033 688 2087 turbine
699 2033 798 2085 fertur.

92 2120 159 2174 Nou
173 2137 253 2174 secus
265 2137 298 2174 ac
309 2137 396 2174 nervo
408 2137 458 2188 per
471 2121 571 2174 nubem
584 2119 703 2188 impulsa
713 2119 822 2187 sagItta

92 2207 241 2261 Armatam
254 2207 328 2261 saevi
340 2207 459 2262 Parthus
471 2223 553 2276 quam
565 2207 629 2261 felle
641 2205 747 2274 veneni,
822 2247 831 2270 ,

91 2294 217 2349 Parthus
229 2295 287 2349 sive
300 2295 405 2364 Cydon,
420 2295 507 2348 telum
520 2293 730 2359 immedicabile,
744 2292 836 2362 torsit,

93 2383 222 2437 Stridens
235 2387 264 2437 et
275 2383 371 2437 celeris
383 2383 525 2451 incognita
537 2382 658 2437 transilit
673 2381 798 2434 umbras:

93 2471 169 2525 Talis
182 2487 212 2524 se
224 2475 284 2524 sata
297 2470 386 2524 Nocte
399 2469 472 2538 tulit,
486 2476 629 2538 terrasque
642 2469 750 2539 petivit.

92 2559 248 2626 Postquam
261 2559 333 2612 acies
346 2557 422 2611 videt
434 2556 533 2612 Iliacas
545 2563 627 2626 atque
639 2556 750 2624 angna
761 2549 857 2623 Turni,

92 2646 181 2700 Alitis
191 2646 221 2698 iu
234 2662 334 2713 parvae
346 2645 465 2698 subitam
473 2643 595 2714 ‚collecta
605 2643 729 2712 figuram,

93 2733 174 2799 Quae
187 2733 326 2802 quondam
337 2733 368 2786 in
380 2732 468 2786 bustis
481 2737 529 2785 aut
541 2731 708 2786 culminibus
719 2729 838 2784 desertis

93 2819 187 2874 Nocte
199 2819 298 2873 sedens
310 2837 400 2874 serum
414 2820 489 2874 canit
500 2818 659 2887 importuna
671 2834 721 2886 per
729 2817 860 2871 umbras:

94 2908 175 2963 Hanc
189 2924 269 2962 versa
281 2907 423 2961 infaciem
436 2905 520 2959 Turni
533 2923 562 2960 se
574 2905 659 2974 pestis
671 2905 707 2958 ob
720 2921 771 2958 ora

93 2996 214 3064 Fertque
227 2996 368 3064 refertque
382 3009 489 3062 sonans,
503 2993 675 3062 clipeumque
688 2992 835 3045 everberat
846 2989 907 3044 ulis.

94 3081 139 3136 Illi
151 3083 276 3138 membra
288 3099 377 3136 novus
390 3081 474 3135 solvit
486 3080 634 3134 formidine
646 3084 752 3148 torpor,

95 3171 285 3240 Arrectaeque
296 3170 413 3224 horrore
426 3185 527 3235 comae,
543 3173 571 3222 et
584 3183 639 3220 vox
652 3166 780 3220 faucibus
791 3165 889 3219 haesit.

95 3259 143 3326 At,
158 3258 254 3328 procul
268 3262 300 3311 ut
311 3257 396 3312 Dirae
409 3256 556 3312 stridorem
572 3255 685 3324 agnovit
697 3259 726 3307 et
738 3252 802 3323 alas,

94 3345 195 3398 Infelix
208 3345 294 3399 crinis
305 3345 406 3399 scindit
419 3344 537 3398 Inturna
549 3343 662 3405 solutos,

94 3429 241 3500 Unguibus
252 3449 302 3486 ora
314 3449 392 3487 soror
404 3431 519 3485 foedans
531 3435 560 3484 et
572 3436 687 3498 pectora
696 3429 812 3498 pugnis:

96 3520 114 3548 “
123 3518 196 3584 Quid
208 3536 283 3573 nuuc
294 3525 324 3573 te
337 3528 392 3588 tua
407 3518 507 3586 Turneq
521 3522 614 3586 potest
626 3533 758 3585 germana
770 3516 883 3569 iuvaret
