2730 3936
492 173 629 222 VERGILI
652 173 817 223 AENEIDOS
839 174 885 222 111.

182 335 292 390 Talibus
302 337 438 390 attonitus
450 335 515 388 visis
528 341 556 389 et
569 351 637 388 voce
651 335 802 388 deorum-

182 421 241 476 Nec
254 439 336 492 sopor
348 421 416 475 illud
429 427 496 489 erat,
511 422 558 475 scd
572 438 664 476 coram
678 438 827 491 agnoscere
840 421 931 475 voltus

185 509 349 578 Velatasqne
361 525 453 562 comas
466 509 677 578 praesentiaque
690 525 738 562 ora
752 508 880 574 videbar;

182 596 250 649 Tum
263 595 368 665 gelidus
381 601 441 649 toto
454 597 586 650 manabat
599 613 714 665 corpore
728 595 847 649 sudor-

182 682 310 752 Corripio
323 699 338 736 e
351 684 445 736 stratis
457 699 565 753 corpus,
579 683 719 751 tendoque
732 683 843 752 supinas

182 771 228 824 Ad
241 771 346 824 caelum
360 787 424 824 cum
437 787 503 824 voce
516 787 620 838 manus,
636 776 665 823 et
676 787 791 824 munera
802 770 859 824 libo

182 857 352 914 Intemerata
363 859 439 913 focis.
477 859 605 914 Perfecto
617 859 707 913 laetus
719 859 826 913 honore

181 947 324 1001 Anchisen
335 946 408 1000 facio
421 952 536 1014 certum,
550 963 665 1015 remque
679 947 776 1000 ordine
789 947 887 1017 pando.

181 1035 307 1105 Agnovit
318 1035 425 1104 prolem
439 1034 594 1104 ambiguam
606 1036 782 1104 geminosque
795 1041 933 1104 parentes,

182 1123 272 1191 Seque
283 1140 356 1177 novo
369 1129 494 1176 veterum
506 1121 653 1191 deceptum
667 1139 759 1176 errore
772 1121 905 1176 locorum.

80 1279 84 1286 Ι
182 1210 251 1264 Tum
263 1215 413 1264 memorat:
437 1211 453 1238 “
462 1207 543 1278 Nate,
558 1208 650 1262 Iliacis
663 1209 869 1278 exercitemus,

182 1298 247 1352 Sola
259 1298 327 1350 mihi
340 1297 403 1351 talis
415 1313 494 1350 casus
506 1295 662 1350 Cassandra
674 1297 799 1350 canebat.

182 1384 264 1438 Nune
277 1390 372 1452 repeto
386 1385 453 1438 haec
466 1385 558 1452 generi
571 1385 736 1453 portendere
749 1384 844 1439 debita
856 1390 958 1452 nostro,

181 1472 219 1525 Et
231 1488 311 1540 saepe
325 1471 493 1541 hesperiam,
507 1488 588 1540 saepe
601 1471 672 1526 ltala
682 1488 769 1540 regna
783 1488 888 1525 vocare.

182 1559 237 1614 Sed
250 1560 310 1628 quis
323 1559 357 1612 ad
371 1558 520 1628 Hesperiae
534 1564 665 1612 venturos
677 1559 759 1613 litora
772 1559 893 1613 Teucros

182 1646 335 1702 Crederetl
355 1651 402 1699 aut
414 1662 494 1715 quem
508 1652 566 1699 tum
580 1652 658 1701 vates
672 1645 827 1701 Cassandra
840 1648 983 1700 moveret?

183 1733 319 1788 Cedamus
331 1732 452 1801 Phoebo,
468 1738 495 1786 et
509 1733 607 1786 moniti
620 1733 736 1788 meliora
748 1733 921 1802 sequamur.’‘

182 1821 227 1875 Sic
240 1822 288 1889 ait,
302 1826 331 1874 et
342 1821 434 1883 cuncti
447 1820 522 1874 dicto
536 1839 664 1891 paremus
677 1829 799 1876 ovantes.

182 1910 262 1964 Hanc
275 1927 383 1979 quoque
396 1911 546 1964 deserimus
559 1910 658 1977 sedem,
674 1912 823 1980 paucisque
834 1911 937 1965 relictis

183 1997 255 2052 Vela
267 1998 371 2064 damus,
385 2004 549 2068 vastumque
563 2015 629 2052 aava
641 1999 720 2052 trabe
734 1999 866 2052 currimus
878 2016 988 2067 aequor.

218 2075 369 2154 Postquam
382 2086 467 2139 altum
481 2092 594 2141 tenuere
607 2095 689 2155 rates,
704 2104 754 2142 neo
767 2088 822 2140 iem
835 2086 950 2156 amplius
963 2086 1035 2140 ullae

183 2172 328 2241 Apparent
340 2178 438 2238 terrae,
453 2173 558 2227 caelum
571 2173 693 2241 undique
707 2179 736 2227 et
748 2173 869 2242 undique
882 2180 992 2243 pontus,

183 2259 251 2313 Tum
264 2260 332 2313 mihi
346 2260 485 2313 caeruleus
496 2276 578 2327 supra
590 2268 673 2328 caput
686 2260 774 2314 astitit
786 2261 882 2326 imber,

183 2347 300 2402 Noctem
314 2347 488 2418 hiememque
500 2349 599 2416 ferens,
614 2358 643 2401 et
655 2348 794 2402 inhorruit
806 2348 880 2402 unda
891 2347 1021 2401 tenebris.

142 2487 144 2490 .
184 2433 323 2489 Continuo
338 2436 415 2489 venti
427 2435 544 2489 volvunt
557 2452 633 2489 mare
645 2452 797 2505 magnaque
810 2439 926 2504 surgunt

184 2517 328 2588 Aequora3
348 2519 462 2587 dispersi
476 2523 610 2574 iactamur
623 2522 730 2589 gurgite
744 2525 838 2587 vast03

183 2605 329 2660 Involvere
341 2606 414 2660 diem
428 2607 523 2674 nimbi,
539 2613 567 2660 et
580 2625 636 2661 nox
649 2607 744 2662 umida
756 2607 859 2662 caelum

183 2692 324 2760 Abstulit3
345 2693 516 2761 ingeminant
528 2695 652 2763 abruptis
664 2695 783 2748 nubibus
795 2695 881 2762 ignea

183 2780 346 2834 Excutimur
359 2797 447 2848 cursu,
462 2787 491 2834 et
504 2781 593 2835 caecis
606 2798 728 2834 erramus
741 2782 770 2833 in
782 2781 871 2835 undis.

184 2867 247 2935 lpse
259 2867 332 2920 diem
344 2872 509 2936 noctemque
522 2874 605 2936 neget
618 2868 775 2921 discernere
789 2867 874 2934 caelo,

184 2952 211 3006 N
213 2971 244 3008 ec
256 2954 414 3008 meminisse
427 2954 486 3008 viae
498 2955 590 3008 medie
599 2955 747 3007 Palinurus
759 2955 787 3007 in
801 2954 883 3009 unda.

183 3040 245 3094 Tris
258 3041 326 3096 adeo
338 3041 459 3095 incertos
472 3057 553 3095 caeca
565 3041 680 3108 caligine
693 3041 764 3096 soles

184 3127 315 3180 Erramus
328 3128 431 3196 pelago,
446 3129 563 3182 totidem
576 3127 633 3181 sine
646 3127 735 3182 sidere
746 3134 849 3182 noctes.

185 3215 292 3280 Quarto
304 3221 379 3268 terra
391 3215 436 3269 die
449 3217 569 3284 primum
582 3232 610 3268 se
623 3215 750 3269 attollere
763 3217 875 3270 tandem

185 3300 261 3369 Visa,
277 3303 384 3370 aperire
396 3302 493 3370 procul
506 3301 617 3368 montis,
633 3319 664 3355 ac
677 3303 790 3356 volvere
802 3303 917 3356 fumum.

185 3389 257 3443 Vela
270 3389 379 3453 cadunt,
393 3390 476 3442 remis
488 3390 669 3457 insurgimus3
690 3389 763 3442 haud
777 3406 863 3456 mora,
878 3394 979 3444 nautae

186 3475 291 3530 Adnixi
303 3481 435 3544 torquent
446 3491 555 3544 spumas
568 3483 596 3528 et
609 3476 716 3529 caerula
728 3483 849 3531 verrunt.
