2656 3940
526 207 665 256 vanem
688 206 852 256 AFNFIDOS
874 209 918 258 XI.

212 369 266 424 Per
279 370 362 424 silvas
374 369 472 423 Teucri
486 369 620 437 mixtique
632 369 743 437 impune
756 368 846 422 Latini

211 457 346 512 Errarere
359 459 436 524 iugis,
474 457 560 510 Ferro
573 463 654 510 sonat
666 457 722 509 icta
734 457 847 524 bipenni

212 543 361 611 Fraxinus;
383 548 513 596 evertunt
525 548 600 596 actas
613 541 647 595 ad
660 543 750 596 sidera
760 543 856 610 pinos;

212 630 323 684 Robora
335 647 386 683 nec
399 631 492 684 cuneis
505 636 533 683 et
546 630 665 682 olentem
679 630 805 684 scindere
817 631 938 701 cedrum,

211 717 272 771 Nec
285 717 414 786 plaustris
427 725 534 771 cessant
548 725 657 770 vectare
671 718 843 785 gementibus
855 735 946 772 ornos.

247 805 351 858 Etiam
364 805 450 858 Fama
463 805 565 872 volans,
581 805 652 858 tanti
665 806 831 873 praenuntia
842 805 940 874 luotua,

212 892 371 945 Euandrum
385 892 562 959 Euandrique
575 891 672 944 domos
685 898 713 945 et
726 893 835 946 moenia
847 893 942 962 replet,

213 979 289 1044 Quae
302 978 385 1032 modo
397 979 531 1032 victorem
544 978 623 1032 Latio
636 979 763 1032 Pallanta
775 980 888 1034 ferebat.

213 1066 335 1120 Arcades
348 1066 382 1119 ad
394 1071 489 1134 portas
502 1081 587 1134 ruere,
603 1071 631 1119 et
643 1065 678 1119 de
690 1082 767 1120 more
781 1055 897 1120 vetusto

212 1155 352 1210 Funereas
364 1171 481 1223 rapuere
494 1155 583 1208 faces:
604 1154 678 1208 lucet
691 1155 737 1208 vie
748 1155 831 1223 longo

213 1241 318 1295 Ordine
330 1241 510 1307 flammarum,
526 1248 553 1293 et
565 1241 621 1295 late
634 1241 806 1296 discriminat
819 1260 907 1310 egros.

213 1329 319 1383 Contra
331 1330 413 1383 turba
425 1329 566 1396 Phrygum
580 1329 694 1382 veniens
706 1330 865 1398 plangentia
876 1332 965 1400 iungit

214 1418 341 1486 Agmina.
381 1417 457 1482 Quae
470 1423 615 1485 postquam
629 1422 733 1470 matres
746 1417 892 1471 succedere
905 1418 986 1471 tectis

213 1504 361 1568 Viderunt,
373 1509 506 1557 maestam
520 1502 671 1557 incendunt
685 1504 852 1558 clamoribus
866 1506 970 1558 urbem.

212 1596 254 1648 At
266 1612 322 1648 non
335 1594 493 1646 Euandrum
507 1593 578 1660 potis
591 1598 633 1646 est
645 1593 686 1646 vis
699 1592 754 1646 ulla
767 1599 877 1662 tenere;

213 1682 267 1735 Sed
281 1682 358 1734 venit
368 1682 396 1732 in
410 1680 522 1734 medios.
560 1680 674 1733 Feretro
687 1680 813 1734 Pallanta
825 1689 936 1750 reposto

212 1769 363 1823 Procubuit
377 1786 466 1837 super,
482 1775 564 1838 atque
577 1769 674 1822 haeret
686 1768 886 1838 lacrimansque
898 1787 1072 1840 gemensque,

213 1855 249 1908 Ft
263 1856 306 1909 via
319 1856 365 1908 vix
381 1857 491 1911 tandem
505 1858 566 1910 voci
578 1857 671 1910 laxata
683 1856 778 1910 dolore
791 1864 847 1911 est:

216 1946 306 2002 “Non
318 1947 394 2017 haee,
410 1968 426 2003 ο
439 1948 522 2006 Palla
538 1949 653 2004 dederas
665 1949 801 2019 promissa
812 1951 929 2019 parenti,

214 2035 328 2090 Cautius
341 2048 372 2091 ut
384 2055 466 2092 saevo
480 2038 566 2092 velles
578 2044 605 2092 te
619 2039 731 2092 credere
743 2039 834 2093 Marti.

215 2123 294 2178 Haud
307 2125 419 2194 ignarus
431 2143 514 2192 eram,
530 2132 662 2195 quantum
675 2145 747 2182 nova
759 2128 847 2195 gloria
858 2129 887 2179 in
901 2128 984 2180 armis

213 2211 250 2264 Et
261 2212 408 2281 praedulce
421 2214 503 2266 decus
516 2215 605 2282 primo
618 2216 769 2270 certamine
781 2224 882 2285 posset.

212 2299 357 2354 Primitiae
369 2300 476 2354 iuvenis
488 2302 611 2368 miserae,
626 2303 745 2371 bellique
758 2303 903 2372 propinqui

213 2385 290 2440 Dura
302 2387 472 2442 rudimenta!
494 2393 522 2441 et
534 2389 603 2441 nulli
617 2388 745 2443 exaudita
757 2390 870 2444 deorum

213 2470 290 2526 Vota
303 2488 450 2540 precesque
463 2475 554 2526 meael
576 2479 668 2542 tuque,
684 2491 700 2528 o
713 2475 883 2529 sanctissima
895 2477 1023 2546 coniunx,

213 2559 290 2614 Felix
303 2570 391 2616 morte
404 2569 459 2628 tua,
474 2580 563 2632 neque
575 2565 605 2617 in
616 2565 691 2619 hunc
704 2571 814 2620 servata
826 2566 963 2620 dolorem!

214 2646 319 2701 Gontra
332 2667 382 2718 ego
396 2651 516 2705 vivendo
530 2652 582 2705 vici
595 2667 656 2706 mea
669 2653 733 2720 fata,
747 2659 884 2722 superstes

213 2735 355 2789 Restarem
370 2743 399 2791 ut
412 2738 528 2806 genitor.
567 2739 667 2793 Troum
682 2739 756 2794 socia
768 2757 844 2795 arma
855 2746 979 2794 secutum

214 2821 370 2877 Obruerent
382 2825 476 2878 Rutuli
490 2825 565 2880 telis!
587 2827 704 2881 animam
719 2828 775 2896 ipse
788 2828 930 2895 dedissem,

215 2911 306 2980 Atque
320 2912 387 2966 haec
400 2929 502 2982 pompa
514 2914 626 2967 domum
640 2931 691 2981 me,
705 2930 760 2968 non
776 2915 907 2982 Pallanta,
921 2915 1052 2969 referret!

214 2998 240 3051 N
242 3016 273 3052 ee
285 3017 335 3054 vos
348 3002 493 3068 arguerim,
508 3001 613 3064 Teucri,
628 3019 679 3055 nec
693 3002 811 3067 foedera,
825 3019 876 3056 nec
890 3019 956 3072 quas

214 3085 356 3140 iunximus
368 3087 490 3155 hospitio
503 3089 631 3154 dextras;
652 3105 711 3142 scre
723 3090 776 3142 ista
789 3095 913 3143 senectae

213 3171 315 3226 Debita
328 3182 386 3227 erat
398 3186 518 3229 nostrae.
556 3174 636 3240 Quod
651 3177 673 3228 si
685 3176 833 3230 immatura
845 3177 974 3230 manebat

214 3259 288 3312 Mors
300 3268 423 3327 gnatum,
439 3263 524 3315 caesis
537 3261 702 3316 Volscorum
715 3263 825 3316 milibus
837 3270 902 3317 ante

214 3345 366 3399 Ducentem
379 3347 407 3399 in
421 3347 528 3401 Latium
542 3347 661 3402 Teucros
674 3350 803 3404 cecidisse
815 3352 931 3404 iuvaret.

214 3430 286 3495 Quin
301 3448 351 3498 ego
364 3449 419 3486 non
432 3434 486 3487 alio
499 3430 597 3502 digner
609 3440 637 3489 te
650 3437 755 3499 iuuere,
772 3437 857 3502 Palla,

215 3515 302 3579 Quam
316 3517 378 3584 pius
391 3517 507 3586 Aeneae,
523 3527 550 3574 et
564 3537 644 3589 quam
659 3523 751 3589 magni
766 3522 898 3591 Phryges,
913 3529 941 3577 et
954 3539 1037 3592 quam
