2730 3936
456 223 595 275 vultum
618 225 807 278 cuouuloou
830 229 875 280 IV.

152 387 226 441 Huic
238 403 369 457 percussa
379 403 454 442 nova
465 393 586 442 mentem
599 389 748 444 tormidine
760 395 851 445 mater

153 477 171 504 “
180 474 252 541 Duo,
267 490 325 542 age,
339 473 393 528 duo
406 473 440 528 ad
452 491 517 543 nos;
538 476 580 530 fas
589 475 629 528 illi
640 476 737 530 limina
750 477 844 532 divom

150 562 278 632 Tangere
289 561 305 589 '’
319 562 366 616 ait.
404 561 492 616 Simul
504 563 562 616 alta
572 563 650 617 iubet
660 564 800 618 discedere
812 565 868 620 late

150 649 289 718 Flumina,
304 666 357 717 qua
369 648 477 702 invenis
489 666 598 718 gressus
609 650 736 706 inferret.
775 651 815 705 At
827 653 906 707 illum

151 735 276 791 (larvata
286 737 316 790 in
328 737 431 791 montis
442 736 541 790 faciem
556 737 738 792 circumstetit
751 739 824 794 unda

152 825 326 893 Accepitque
338 825 399 878 siun
412 829 490 878 vasto
504 824 633 894 misitque
647 827 698 880 sub
710 841 828 880 amnem.

150 911 267 981 Iamque
278 912 390 966 domum
401 912 503 966 mirans
517 912 664 980 genetricis
677 921 706 966 et
717 913 810 968 umida
822 929 910 983 regua

151 999 350 1068 speluncisque
362 999 437 1054 lacus
450 1000 556 1055 clausos
568 999 699 1069 lucosque
712 1001 818 1054 sonant‘

151 1087 223 1155 Ibat,
239 1091 267 1140 et
278 1087 384 1156 ingenti
393 1093 470 1142 motu
484 1087 654 1156 stupefactus
668 1103 800 1156 aquarum

150 1173 256 1228 Omnia
267 1174 318 1227 sub
330 1190 430 1243 magua
441 1173 563 1228 labentia
574 1172 690 1228 flumina
701 1179 777 1228 terra

150 1261 302 1329 Spectabat
314 1261 423 1316 diversa
433 1261 509 1330 locis,
524 1261 698 1331 Phasimque,
713 1259 880 1331 Lycumque,

149 1348 189 1402 Et
201 1355 292 1418 caput,
305 1350 380 1403 unde
392 1349 463 1404 altus
474 1350 595 1419 primum
608 1366 637 1404 se
650 1349 770 1418 erumpit
781 1348 911 1420 Enipeus,

150 1435 234 1490 Unde
246 1442 325 1505 pater
337 1437 487 1504 Tiberinus,
502 1444 531 1491 et
544 1437 617 1490 unde
630 1435 740 1490 Aniena
751 1435 863 1506 fluente,

150 1524 324 1594 Saxosusque
337 1541 438 1580 sonans
450 1525 584 1594 Hypanis,
598 1525 746 1594 Mysusque
760 1525 867 1596 caicus,

148 1612 188 1665 Et
201 1613 309 1681 gemina
319 1619 432 1667 auratus
443 1615 555 1668 taurino
568 1630 672 1667 cornua
683 1613 760 1667 voltu

147 1699 295 1768 Eridanus,
310 1717 365 1768 quo
377 1717 434 1755 non
446 1700 517 1755 alius
528 1718 578 1770 per
589 1702 702 1770 pinguia
715 1701 790 1756 culta

148 1785 184 1840 In
196 1804 273 1841 mare
284 1804 453 1856 purpureum
467 1788 617 1843 violentior
629 1788 717 1843 effluit
732 1790 827 1845 amuis.

148 1873 300 1943 Postquam
310 1879 352 1929 est
364 1875 394 1928 in
406 1875 519 1930 thalami
532 1875 683 1944 pendentia
695 1877 803 1946 pumice
818 1881 895 1935 tecta

148 1961 327 2030 Perventum,
342 1967 369 2016 et
381 1963 440 2016 nati
452 1961 534 2016 fletus
546 1964 675 2032 coguovit
688 1964 777 2018 inanis

148 2047 266 2118 Cyrene,
281 2050 408 2103 manibus
421 2050 538 2119 liquidos
550 2049 619 2105 dant
631 2051 729 2106 ordine
740 2053 825 2108 fontia

148 2137 313 2204 Germanae,
327 2138 467 2208 tonsisque
479 2139 568 2192 reru·
587 2139 718 2194 mantelia
729 2141 818 2209 villis;

146 2223 217 2278 Pars
230 2225 319 2293 epulis
331 2229 574 2280 onerantmeus...·,.
589 2230 617 2280 et
629 2225 711 2294 plena
722 2235 862 2298 reponunt

146 2310 265 2378 Pocula;
287 2311 441 2366 Panchaeis
453 2313 613 2366 adolescunt
624 2313 734 2382 ignibus
745 2333 825 2383 arae;

145 2399 185 2452 Et
196 2404 286 2454 mater
310 2402 327 2428 “
336 2398 412 2468 Oape
423 2399 541 2454 'llaeonii
555 2400 696 2456 carchesia
708 2402 827 2457 Bacchi:

147 2485 259 2541 Oceano
271 2486 389 2541 libemus
398 2486 416 2514 ”
428 2487 475 2541 ait.
513 2486 600 2541 Simul
612 2488 674 2557 ipsa
686 2495 814 2559 precatur

147 2573 343 2643 Oceanumque
355 2579 462 2642 patrem
474 2591 568 2628 rerum
581 2574 780 2646 Nymphaeque
793 2594 908 2642 sorores,

146 2661 265 2716 (lentum
279 2677 348 2731 quae
361 2661 450 2730 silvas,
465 2668 576 2716 centurn
590 2679 659 2732 quae
672 2663 785 2718 flumina
798 2673 918 2718 servant.

146 2750 197 2803 Ter
209 2749 315 2818 liquido
328 2749 471 2804 ardentem
483 2751 608 2818 perfudit
621 2757 732 2805 nectare
745 2751 870 2819 Vestam,

145 2837 198 2890 Ter
209 2836 322 2891 flamma
335 2836 370 2890 ad
382 2853 518 2890 summum
532 2838 599 2892 tecti
612 2839 737 2892 subiecta
748 2839 858 2894 reluxit.

146 2923 247 2977 Omine
261 2941 314 2993 quo
327 2923 441 2978 firmans
453 2925 575 2979 animum
590 2926 629 2980 sic
643 2927 742 2995 incipit
750 2927 826 2996 ipsa:

181 3014 197 3040 “
206 3011 258 3064 Est
271 3011 300 3064 in
313 3011 465 3080 Carpathio
478 3011 601 3081 Neptuni
614 3013 723 3081 gurgite
737 3019 813 3068 vates

145 3098 292 3152 Caeruleus
304 3098 431 3167 Proteus,
445 3115 576 3168 magnum
588 3101 635 3168 qui
648 3101 769 3170 piscibus
781 3116 884 3170 aequor

144 3185 179 3240 Et
190 3187 288 3240 iuncto
301 3186 432 3256 bipedum
446 3203 529 3240 curru
541 3187 655 3241 metitur
668 3204 811 3256 equorum.

145 3273 195 3328 llic
207 3291 282 3329 nunc
295 3274 444 3329 Emathiae
457 3277 554 3342 portas
567 3274 738 3343 patriamque
751 3275 848 3329 revisit

143 3360 288 3430 Pallenen3
308 3360 385 3415 huno
398 3365 427 3414 et
438 3359 586 3428 Nymphae
599 3377 763 3415 veneramur
776 3366 804 3415 et
815 3362 876 3431 ipse

144 3449 324 3505 Grandaevus
336 3447 460 3502 Nereus:
480 3447 560 3501 novit
572 3465 691 3516 namque
704 3449 798 3502 omnia
810 3459 895 3517 vates,

144 3533 218 3602 Quae
230 3537 295 3605 sint,
312 3550 384 3603 quae
396 3532 511 3601 fuerint,
526 3550 595 3602 quae
608 3551 673 3588 mox
687 3539 804 3588 ventura
816 3535 970 3590 trahantur.
