2730 3936
447 251 585 302 vanam
607 251 771 302 AENEIDOS
793 251 813 300 1.

119 409 184 464 Tum
196 412 305 466 foribus
318 413 407 480 divae,
422 413 513 466 media
525 414 662 468 testudine
675 414 781 483 templi,

118 496 215 567 Saepta
228 500 315 553 armis
327 499 451 569 solioque
464 500 520 554 alte
532 501 650 554 subnixa
660 501 771 555 resedit.

117 583 179 639 Iura
191 585 277 640 dabat
290 586 418 656 legesque
432 587 505 656 viris,
520 604 689 657 operumque
701 588 824 642 laborem

117 671 242 726 Partibus
255 674 395 743 aequabat
406 674 492 742 iustis,
504 679 552 728 aut
564 683 638 728 sorte
651 676 791 729 trahebat:

118 758 185 812 Cum
198 761 293 814 subito
307 760 417 817 Aeneas
429 778 564 816 concursu
578 762 709 816 accedere
722 778 823 830 magno

117 846 226 901 Anthea
239 847 456 918 Sergestumque
469 848 544 902 videt
557 849 713 918 sortemque
727 849 905 918 Cloanthum,

117 932 338 1004 Teucrorumque
351 936 428 1005 alios,
443 941 503 990 ater
517 953 585 1005 quos
598 953 716 1006 aequore
729 937 812 990 turbo

116 1019 272 1089 Dispulerat
285 1023 452 1092 penitusque
465 1023 533 1078 alias
545 1029 677 1078 avexerat
690 1041 759 1077 oras.

117 1108 256 1178 Obstipuit
269 1109 352 1163 simul
364 1111 424 1179 ipse
437 1111 518 1164 simul
531 1128 677 1181 percussus
689 1111 811 1165 Achates

116 1195 286 1266 Laetitiaquc
299 1204 428 1266 metuque
439 1217 445 1264 3
466 1198 539 1252 avidi
552 1199 718 1267 coniungere
730 1199 842 1252 dextras

117 1283 274 1348 Ardebant,
297 1284 346 1338 sed
359 1301 403 1338 res
415 1286 520 1339 animos
533 1287 674 1355 incognita
686 1287 789 1340 turbat.

117 1369 307 1440 Dissimulaut,
322 1376 351 1425 et
362 1373 434 1426 nube
446 1390 515 1427 cava
527 1374 704 1442 speculantur
716 1373 817 1442 amicti,

117 1456 189 1522 Quae
201 1459 323 1513 fortune
334 1459 409 1528 viris,
424 1459 537 1515 classem
549 1478 603 1530 quo
616 1461 698 1514 litore
710 1460 844 1530 linquant,

117 1544 185 1609 Quid
197 1549 331 1600 veniant:
353 1548 458 1601 cunctis
470 1564 535 1602 nam
548 1548 613 1602 lecti
626 1549 743 1602 navibus
755 1549 841 1616 ibent,

116 1631 232 1687 Orontes
245 1634 368 1703 veniam,
383 1641 411 1688 et
423 1636 556 1705 templum
570 1637 690 1690 clamore
703 1637 842 1704 petebant.

148 1720 302 1790 Postquam
316 1721 477 1791 introgressi
490 1729 518 1776 et
530 1739 623 1777 coram
636 1723 702 1777 data
714 1725 793 1792 copia
804 1722 889 1790 fandi,

116 1805 249 1861 Maximus
262 1808 388 1862 Ilioneus
399 1808 507 1878 placido
519 1811 558 1864 sic
570 1817 683 1880 pectore
697 1809 803 1878 coepit:

117 1894 164 1947 “0
177 1895 295 1964 Regina,
311 1911 411 1951 novam
425 1896 469 1950 coi
481 1897 600 1952 condere
613 1897 737 1966 Iuppiter
749 1897 846 1950 urbem

116 1979 278 2052 Iustitiaque
293 1982 371 2036 dedit
384 1983 473 2051 gentis
486 1984 595 2039 frenare
609 1985 748 2053 superbas,

117 2067 197 2124 Troes
208 2075 238 2125 te
250 2071 357 2139 miseri,
371 2071 463 2125 ventis
475 2072 563 2126 maria
575 2072 669 2125 omnia
681 2072 763 2136 vecti,

117 2155 240 2226 Oramus,
255 2158 375 2228 prohibe
388 2158 518 2213 infandos
528 2176 544 2213 a
556 2159 673 2212 navibus
684 2159 764 2227 ignis,

117 2241 199 2299 Parce
211 2246 259 2314 pio
272 2246 377 2314 generi,
392 2251 420 2300 et
433 2246 548 2315 propius
560 2263 604 2301 res
615 2246 706 2315 aspice
719 2251 836 2300 nostras.

117 2328 178 2384 Non
190 2349 243 2386 nos
256 2339 307 2386 aut
318 2334 396 2386 ferro
410 2332 526 2401 Libycos
538 2333 671 2402 populare
683 2332 796 2387 Penatis

118 2415 259 2488 Venimus,
274 2424 326 2474 aut
337 2429 431 2489 raptas
444 2421 477 2474 ad
490 2421 573 2474 litora
585 2425 694 2474 vertere
706 2418 839 2488 praedas3

119 2503 178 2559 Non
191 2524 224 2561 ea
236 2509 281 2560 vis
295 2508 395 2575 auimo,
410 2524 461 2563 nec
474 2513 553 2562 tauta
565 2509 693 2578 superbia
706 2509 793 2561 victis.

119 2588 165 2645 Est
176 2592 260 2663 locus,
275 2593 439 2662 Hesperiam
452 2595 519 2649 (irai
531 2595 696 2664 cognomine
708 2595 812 2661 dicunt,

119 2677 199 2734 Terra
211 2683 334 2750 antiqua,
349 2686 449 2749 potens
462 2681 546 2735 armis
558 2690 642 2752 atque
655 2681 740 2735 ubere
753 2681 878 2749 glaebam

121 2763 232 2820 Oenotri
245 2769 358 2822 coluere
370 2768 438 2836 viri3
458 2785 532 2823 nunc
542 2770 622 2837 fama,
636 2770 759 2823 minores

121 2851 225 2909 ltaliam
236 2855 340 2910 dixisse
352 2854 430 2910 ducis
442 2856 476 2909 de
488 2857 601 2910 nomine
614 2861 740 2925 geutem3

122 2939 170 2995 Hic
182 2959 280 2996 cursus
292 2943 361 2998 fuit:

122 3025 187 3082 Cum
200 3030 293 3084 subito
306 3030 457 3098 adsurgens
468 3029 554 3085 fluctu
566 3031 708 3085 nimbosus
721 3031 807 3085 Orion

122 3112 150 3166 In
163 3116 234 3171 vada
245 3134 328 3172 caeca
340 3118 411 3186 tulit,
426 3118 590 3187 penitusque
602 3119 764 3187 procacibus
776 3117 877 3172 austris

122 3198 225 3271 Perque
238 3204 336 3271 undas,
350 3210 499 3273 superante
512 3205 576 3268 sala,
592 3222 695 3274 perque
707 3206 783 3259 invia
795 3221 862 3259 saxa

123 3285 254 3358 Dispuiit;
276 3291 331 3345 huc
344 3291 422 3361 pauci
436 3293 534 3346 vestris
547 3293 707 3346 adnavimus
719 3293 782 3346 oris.

123 3373 199 3438 Quod
211 3394 298 3445 genus
310 3379 364 3432 hoc
376 3377 539 3433 homiuum?
558 3396 663 3448 quaeve
675 3380 748 3432 hunc
760 3386 818 3433 tam
830 3379 948 3433 barbara
960 3395 1065 3432 morem

123 3459 259 3518 Permittit
272 3465 381 3534 patriai
400 3465 521 3536 hospitio
534 3466 712 3535 prohibemur
724 3466 858 3533 harenae;
1084 3467 1135 3517 540

124 3546 197 3603 Bella
209 3552 291 3621 cient,
305 3553 448 3622 primaque
461 3560 556 3606 vetant
568 3554 717 3606 consistere
730 3559 811 3606 terra
