2730 3936
506 231 646 281 vnaumr
666 231 832 281 AENEIDOS
853 233 885 282 11.

189 393 268 459 Quae
280 398 374 448 tantae
386 401 500 448 tenuere
512 394 622 448 morast
643 394 742 462 quibus
754 393 859 447 Hector·
871 395 906 447 ab
919 394 975 448 oris

188 481 356 549 Exspectate
368 482 462 535 renisi
481 488 513 534 ut
525 488 552 534 te
564 486 628 550 post
639 481 726 535 multa
738 486 850 534 tuorum

189 568 305 637 Funera,
319 573 382 637 post
395 569 485 622 varios
497 569 695 637 hominumque
708 569 838 637 urbisque
850 569 960 622 labores

189 654 297 709 Defessi
309 655 469 724 aspicimusl
491 672 559 724 quae
571 672 653 709 causa
664 655 777 723 indigna
789 672 900 710 serenos

189 743 322 796 Foedavit
334 742 443 796 voltus?
462 749 510 796 aut
524 759 573 795 cur
584 742 653 816 haec
666 741 780 796 volnera
792 743 894 796 cernel
907 743 923 770 ''

188 830 239 883 Ille
251 829 329 897 nihil,
344 847 395 883 nec
407 846 451 882 me
464 835 642 898 quaerentem
655 846 726 884 vana
737 835 870 896 moratur,

190 917 244 971 Sed
256 917 378 986 graviter
390 917 509 985 gemitus
519 917 576 970 imo
589 917 623 970 de
636 917 747 986 pectore
760 917 869 984 ducens,

191 1007 208 1034 ‘⁴
217 1004 279 1058 Heu
291 1004 362 1072 fuge,
377 1013 441 1058 nate
455 1004 513 1071 dea,
528 1009 609 1072 teque
621 1004 665 1057 his
677 1003 692 1032 '³
711 1006 750 1058 uit
777 1005 877 1073 “eripe
889 1003 1014 1058 flammis.

190 1091 285 1145 Hostis
296 1091 382 1144 habet
393 1107 487 1144 muros
497 1110 503 1158 3
524 1092 580 1143 ruit
593 1091 650 1144 alto
662 1108 679 1144 a
691 1090 810 1144 culmine
822 1090 913 1145 Troia.

190 1178 239 1232 Sat
250 1179 356 1247 patriae
369 1177 534 1246 Priamoque
546 1177 657 1244 datum,
676 1178 700 1230 si
712 1177 848 1246 Pergama
861 1178 960 1232 dextra

189 1265 307 1319 Defendi
320 1269 440 1333 possent,
455 1266 538 1318 etiam
551 1264 603 1318 hac
615 1264 731 1318 defensa
742 1265 875 1329 fuiseeut3

190 1352 274 1406 Sacra
285 1369 402 1420 suosque
414 1351 466 1405 tibi
479 1351 654 1405 commendat
666 1351 748 1406 Troia
760 1352 888 1405 Penatis:

191 1439 250 1492 Hos
263 1455 328 1507 cape
341 1438 461 1491 fetorum
474 1439 596 1506 comites,
611 1439 655 1492 hie
666 1440 777 1492 moenia
789 1455 895 1508 quaere,

190 1525 291 1594 Magna
303 1529 444 1594 pererrato
457 1531 561 1579 statues
574 1542 643 1594 quae
655 1526 773 1595 denique
784 1526 898 1594 ponto.''

191 1611 235 1665 Sic
248 1613 294 1680 ait,
309 1617 337 1665 et
347 1613 475 1666 manibus
487 1614 571 1666 vittas
584 1613 755 1682 Vestamque
767 1618 906 1681 potentem

133 1699 398 1804 &Aeternumque
410 1700 500 1767 adytis
512 1700 593 1754 effert
605 1700 792 1769 penetralibus
804 1701 904 1768 ignem.

225 1785 343 1841 Diverso
356 1787 462 1840 interea
474 1787 623 1841 miscentur
635 1788 745 1841 moenia
757 1787 841 1855 luctu,

189 1872 227 1926 Et
238 1874 325 1941 magis
337 1878 418 1942 atque
431 1874 524 1942 inagis,
539 1875 705 1944 quamquam
718 1879 824 1928 secreta
835 1875 959 1942 parentis

190 1960 327 2014 Anchisae
339 1961 437 2014 domus
449 1962 648 2030 arboribusque
661 1963 772 2016 obtecta
784 1961 904 2026 recessit,

190 2047 352 2102 Olarescunt
364 2050 477 2118 sonitus,
493 2066 685 2118 armorumque
698 2049 801 2116 ingruit
814 2048 921 2101 horror.

189 2134 324 2190 Excutior
336 2154 440 2204 somno,
456 2142 483 2191 et
496 2137 594 2190 summi
609 2136 719 2205 fastigia
730 2135 798 2189 tecti

190 2224 314 2277 Asceneu
327 2209 531 2293 superumque
543 2224 656 2277 arrectis
668 2223 780 2277 auribus
793 2230 866 2276 esto:

189 2308 223 2362 ln
235 2317 353 2378 segetem
366 2311 453 2367 veluti
465 2329 527 2364 cum
540 2309 649 2364 flamma
660 2310 814 2363 furentibus
828 2309 926 2362 austris

190 2397 299 2466 Incidit,
314 2406 361 2452 aut
374 2399 486 2468 rapidus
498 2403 630 2452 montano
642 2398 757 2451 flumine
769 2402 878 2450 torrens

190 2484 296 2538 Sternit
308 2502 396 2554 agros,
411 2487 511 2540 sternit
524 2493 583 2540 sata
596 2486 669 2540 laeta
682 2486 819 2553 boumque
832 2483 948 2553 labores,

189 2571 406 2642 Praecipitisque
418 2573 505 2628 trahit
518 2573 608 2640 silvas,
624 2577 716 2640 stupet
728 2571 830 2626 inscius
843 2570 900 2624 alto

189 2659 337 2728 Accipiens
350 2662 470 2715 sonitum
484 2661 541 2714 saxi
555 2661 589 2714 de
604 2661 706 2714 vertice
719 2664 823 2728 pastor.

190 2745 259 2799 Tum
274 2763 339 2800 vero
351 2748 497 2801 manifesta
507 2747 583 2816 fides,
598 2747 779 2815 Danaumque
792 2750 937 2814 patescunt

189 2832 315 2888 Insidiae.
353 2834 411 2888 lam
423 2834 563 2904 Deiphobi
575 2835 652 2888 dedit
665 2835 756 2902 ampla
768 2834 885 2895 ruinam,

189 2920 317 2975 Volcano
329 2927 483 2991 superante,
498 2922 602 2987 domus,
616 2923 672 2976 iam
684 2921 826 2990 proximus
839 2921 916 2974 ardet

191 3007 327 3077 Ucalegon
337 3029 343 3077 ;
365 3009 445 3078 Sigea
457 3010 512 3077 igni
524 3010 599 3063 freta
610 3009 667 3063 lata
678 3009 811 3063 relucent.

189 3097 322 3150 Exoritur
335 3098 492 3167 clamorque
505 3098 595 3150 virum
608 3097 774 3166 clangorque
787 3097 924 3150 tubarum.

189 3183 277 3237 Arma
289 3201 383 3238 amens
395 3185 488 3253 eapi03
509 3202 560 3238 nec
573 3190 615 3238 sat
628 3184 742 3238 rationis
754 3184 783 3236 in
798 3184 896 3249 armis,

189 3270 243 3323 Sed
256 3271 409 3338 glomerare
421 3289 532 3326 manum
546 3272 619 3325 bello
632 3277 660 3325 et
673 3287 835 3324 concurrere
847 3271 875 3322 in
891 3287 983 3324 arcem

190 3356 259 3410 (lum
274 3358 354 3410 sociis
367 3359 463 3411 ardent
476 3359 574 3423 animi,
595 3359 675 3410 furor
688 3358 782 3425 iraque
795 3363 916 3410 mentem

190 3443 384 3512 Praecipitant,
400 3445 599 3513 pulchrumque
612 3444 681 3496 mori
695 3444 830 3497 succurrit
844 3445 872 3496 in
886 3443 977 3499 armis.

224 3529 295 3583 Ecce
308 3536 400 3582 autem
413 3530 475 3582 telis
487 3529 612 3582 Panthus
625 3530 731 3598 elapsus
744 3530 890 3596 Achivom,
