2656 3940
515 199 653 250 VERGILI
677 199 841 248 subulcos
865 199 908 249 IX.

200 360 328 417 Baletum
341 364 488 427 exercent3
508 359 554 412 ille
567 376 647 428 asper
659 364 688 413 et
699 360 843 428 improbus
854 361 897 416 ira

201 450 295 503 Saevit
307 449 337 502 in
350 448 487 514 absentis;
508 446 625 500 collecta
636 447 735 514 fatigat
748 446 847 500 edendi

200 537 243 589 Ex
255 536 339 604 longo
351 535 449 602 rabies,
464 538 492 587 et
505 533 593 587 siccae
606 535 739 602 sanguine
752 534 897 588 fauces:-

201 623 283 678 Haud
295 624 375 677 aliter
389 620 492 675 Rutulo
505 637 598 674 muros
611 626 639 674 et
652 626 743 694 castra
754 620 844 674 tuenti

203 711 352 780 ignescunt
363 711 435 778 irae3
455 708 532 762 duma
545 707 625 762 dolor
637 708 744 762 ossibus
756 708 843 775 ardet,

202 797 263 862 Qua
276 800 394 864 temptet
404 795 512 849 ratione
525 793 623 862 aditus,
639 798 667 846 et
680 809 749 862 quae
761 793 807 847 via
820 792 926 848 clausos

201 883 332 937 Excutiat
344 882 463 936 Teucros
476 880 549 935 vallo
561 886 645 949 atque
657 880 783 934 effundat
796 881 826 933 in
839 898 965 951 aequum.

203 973 331 1039 Classem,
347 986 415 1039 quae
427 969 507 1023 lateri
520 972 674 1022 castrorum
689 967 820 1022 adiuncta
830 968 942 1037 latebat,

202 1059 359 1128 Aggeribus
371 1063 494 1127 saeptam
507 1057 611 1111 circum
624 1060 652 1109 et
664 1053 821 1108 fluvialibus
833 1056 922 1124 undis,

202 1147 321 1216 Invadit,
335 1146 475 1215 sociosque
488 1145 616 1200 incendia
628 1147 718 1214 poscit
731 1147 848 1215 ovantis,

202 1235 297 1305 Atque
308 1251 420 1289 manum
434 1236 502 1303 pinu
514 1233 642 1302 flagranti
655 1233 778 1288 fervidus
790 1234 895 1303 implet

202 1322 272 1375 Tum
284 1338 352 1375 vero
364 1320 543 1387 incumbunt3
565 1326 645 1388 urget
657 1322 815 1389 praeseutia
826 1320 927 1388 Turni;

202 1409 297 1480 Atque
310 1409 400 1463 omnis
412 1407 520 1462 facibus
533 1409 620 1476 pubes
634 1409 788 1478 aecingitur
802 1408 877 1464 atris.

201 1497 349 1566 Diripuere
360 1496 451 1563 focos;
471 1495 578 1563 piceum
592 1496 647 1549 fert
659 1496 765 1550 fumida
776 1495 869 1550 lumen

203 1583 294 1639 Taeda
307 1589 335 1638 et
347 1583 526 1638 commixtam
542 1583 685 1638 Volcanus
698 1584 732 1638 ad
746 1589 820 1638 astra
831 1583 963 1637 favillam.

238 1670 307 1737 Quis
318 1671 394 1740 deus,
409 1688 426 1725 o
438 1670 541 1738 Musae,
557 1676 614 1725 tam
628 1687 710 1726 saeva
721 1671 850 1724 incendia
861 1671 974 1724 Teucris

203 1758 335 1812 Avertitl
353 1762 445 1812 tantos
458 1759 564 1813 ratibus
577 1759 637 1828 quis
649 1758 756 1826 depulit
769 1758 859 1826 ignisl

201 1848 303 1902 Dicite.
340 1847 435 1904 Prisca
446 1849 516 1904 fides
528 1851 612 1916 facto,
626 1847 673 1901 sed
686 1847 761 1900 fama
771 1846 909 1915 perennis.

202 1932 338 2001 Tempore
350 1950 405 2002 quo
417 1935 537 2003 primum
549 1933 672 2000 Phrygia
683 1931 820 1986 formabat
832 1931 861 1984 in
874 1930 924 1984 Ida

202 2019 313 2076 Aeneas
325 2022 447 2090 classem,
463 2028 491 2076 et
503 2021 592 2090 pelagi
604 2028 700 2089 petere
712 2019 774 2074 alta
782 2020 904 2088 parabat,

201 2109 265 2180 Ipsa
277 2111 360 2165 deum
373 2112 463 2166 fertur
476 2109 601 2179 genetrix
616 2098 781 2174 Berecyntia
792 2123 922 2175 magnum

202 2197 327 2254 Vocibus
338 2199 382 2253 his
394 2200 488 2254 adlata
501 2198 612 2252 Iovem:
635 2195 712 2258 “Da,
727 2201 799 2260 nate,
813 2195 928 2263 petenti,

202 2286 282 2352 Quod
296 2295 345 2342 tua
357 2304 421 2342 cara
432 2302 533 2356 parens
545 2285 651 2337 domito
664 2288 692 2336 te
705 2281 794 2350 poscit
808 2279 936 2350 Olympo.

201 2373 288 2430 Pinea
300 2376 370 2431 silva
381 2375 457 2440 mihi,
472 2373 575 2426 multos
590 2370 691 2423 dilecta
703 2385 753 2438 per
766 2383 867 2434 annos3

201 2461 292 2517 Lucus
303 2464 334 2517 iu
347 2481 408 2518 arce
420 2463 474 2516 fuit
487 2478 602 2526 summa,
618 2475 672 2527 quo
685 2472 763 2510 saera
774 2454 910 2521 ferebant,

202 2549 330 2618 Nigranti
342 2551 421 2621 picea
432 2551 611 2620 trabibusque
624 2547 757 2601 obscurus
769 2541 888 2596 acernis:
953 2597 957 2603 ,

203 2637 261 2691 Has
273 2655 325 2707 ego
337 2637 479 2695 Dardanio
491 2639 593 2707 iuveni,
609 2653 671 2691 cum
685 2632 779 2688 classis
791 2633 893 2698 egeret,

202 2722 288 2778 Laeta
300 2725 378 2794 dedi3
398 2742 472 2780 nnnc
485 2726 629 2780 sollicitam
642 2724 727 2777 timor
740 2719 839 2773 anxius
851 2716 935 2786 angit.

203 2813 285 2868 Solve
297 2820 394 2878 metus,
410 2820 492 2884 atque
504 2815 557 2868 hoc
569 2812 697 2882 precibus
710 2809 769 2864 sine
781 2822 862 2876 posse
873 2810 1024 2874 parentem,

203 2900 265 2956 Neu
278 2918 360 2956 cursu
373 2907 516 2970 quassatae
529 2901 585 2954 ullo
597 2916 652 2954 neu
666 2898 777 2952 turbine
789 2893 866 2948 venti

203 2988 374 3058 Vincantur3
394 2989 483 3058 prosit
494 2988 597 3042 nostris
608 2987 635 3040 in
649 2984 791 3040 montibus
804 2979 906 3037 ortas.”

203 3076 288 3130 Filius
299 3077 365 3132 huic
379 3082 483 3143 eontra,
498 3080 610 3145 torquet
623 3073 669 3143 qui
683 3072 772 3126 sidera
783 3069 895 3124 mundi:

205 3163 255 3217 “O
268 3164 402 3232 genetrix,
417 3181 471 3232 quo
483 3164 540 3218 lata
553 3178 643 3229 vocas,
657 3165 705 3214 aut
717 3159 782 3229 quid
795 3158 868 3227 petis
880 3155 956 3210 istisl

203 3251 352 3306 Mortaline
363 3268 447 3304 mauu
459 3251 548 3305 factae
561 3247 716 3302 immortale
728 3247 838 3301 carinae

203 3339 257 3392 Fas
268 3338 407 3392 liabeautl
426 3344 571 3406 certusque
583 3337 691 3389 incerta
703 3333 825 3402 pericula
836 3331 936 3386 lustret

205 3425 332 3478 Aeneasl
352 3424 396 3477 eui
409 3428 486 3478 tanta
498 3423 551 3478 deo
563 3421 696 3491 permissa
708 3420 849 3490 potestasl

205 3511 302 3579 Immo,
318 3511 372 3578 ubi,
386 3510 542 3578 deiunctae,
556 3509 640 3562 finem
653 3515 804 3576 portusque
816 3505 953 3559 tenebunt
