2706 3938
520 212 659 262 VERGILI
681 213 847 262 AENEIDOS
868 212 900 262 V.

203 373 336 440 Quamvis
346 373 419 428 solus
432 391 511 428 avem
525 375 602 428 caelo
615 374 715 428 deiecit
727 375 762 427 ab
775 374 841 430 alto.

203 463 349 517 Proximus
359 461 513 529 ingreditur
526 462 613 530 donis,
629 462 673 531 qui
687 462 797 516 vincula
810 463 892 530 rupit,

202 550 357 617 Extremus,
372 549 479 602 volucri
492 551 538 618 qui
551 549 611 604 fixit
625 549 781 603 harundine
794 548 905 602 malum.
1008 597 1009 602 ,

236 638 276 690 At
288 642 367 706 pater
379 636 497 704 Aeneas,
511 637 634 690 nondum
649 637 800 692 certamine
814 636 905 702 misso,
1005 625 1009 695 l

202 723 350 777 Oustodem
364 723 397 776 ad
411 740 469 777 sese
483 724 668 792 comitemque
681 722 801 792 impubis
814 722 868 775 Iuli

201 811 340 879 Epytiden
353 819 442 878 vocat,
459 815 486 864 et
500 809 582 864 fidam
597 810 721 864 eiciatur
735 809 769 863 ad
782 827 893 863 aurem:

203 899 219 925 “
228 897 308 950 Vade
321 915 379 964 age,
394 904 422 951 et
435 897 565 965 Ascanio,
581 897 603 950 si
616 897 671 950 iam
684 896 790 965 puerile
804 903 931 964 paratum

201 985 310 1052 Agmen
323 984 408 1038 habet
421 1002 520 1052 secum,
535 1000 685 1052 cursusque
698 984 831 1037 instruxit
845 1000 989 1055 equorum,

200 1072 290 1126 Ducat
303 1089 355 1126 avo
368 1077 480 1136 tarmus,
496 1079 524 1126 et
536 1088 594 1124 sese
609 1070 737 1124 ostendat
749 1071 778 1123 in
792 1071 882 1138 armis,

200 1159 277 1212 Dic”
291 1160 338 1214 ait.
376 1160 438 1228 lpse
451 1175 560 1213 omnem
573 1159 656 1227 longo
669 1157 802 1212 decedere
815 1159 889 1212 circo

199 1246 326 1299 infusum
339 1247 479 1315 populum,
494 1253 522 1300 et
536 1263 649 1316 campos
660 1246 739 1298 iubet
752 1262 812 1299 esse
825 1247 956 1314 patentis.

200 1333 336 1386 incedunt
348 1335 433 1402 pueri,
450 1334 606 1402 pariterque
620 1341 685 1386 ante
700 1349 750 1386 ora
762 1338 908 1400 parentum

203 1419 327 1472 Frenatis
339 1419 433 1473 lucent
444 1421 473 1472 in
486 1421 569 1488 equis,
585 1437 654 1489 quos
668 1419 760 1472 omnis
776 1420 867 1473 euntis

200 1506 356 1560 Trinacriae
369 1506 469 1560 mirata
480 1507 576 1560 fremit
589 1506 739 1575 Troiaeque
754 1507 891 1561 iuventus.

200 1593 336 1646 Omnibus
349 1594 377 1646 in
391 1608 496 1647 morem
508 1602 589 1647 tonsa
601 1609 680 1648 coma
691 1610 787 1662 pressa
799 1609 917 1663 corona,

200 1679 309 1734 Cornea
321 1681 386 1734 bina
397 1681 493 1734 ierunt
506 1680 628 1750 praefixa
639 1681 750 1734 hastilia
763 1682 845 1748 ferro,

199 1767 267 1821 Pers
280 1768 348 1821 loris
361 1785 456 1821 umero
468 1767 626 1836 pharetram
647 1769 670 1820 it
682 1779 794 1837 pectore
809 1785 917 1823 summo

199 1855 310 1908 Plexilis
323 1855 429 1908 obtorti
441 1873 491 1924 per
504 1856 603 1909 rollum
617 1856 735 1910 circulus
748 1858 815 1911 auri.

199 1942 265 1996 Tres
277 1942 399 2010 equitum
412 1959 529 1996 numero
540 1948 658 2011 turmae,
673 1944 799 2013 ternique
812 1954 950 2014 vagantur

199 2029 349 2096 Ductores;
371 2029 448 2097 pueri
461 2029 502 2082 bis
515 2030 573 2082 seni
586 2047 721 2099 quemque
734 2032 822 2084 secuti

199 2117 319 2184 Agmine
332 2117 436 2185 partito
448 2115 556 2184 fulgent
568 2117 733 2186 paribusque
752 2120 900 2188 magistris.

200 2204 261 2258 Una
273 2206 344 2258 acies
356 2205 495 2272 iuvenum,
510 2203 587 2258 ducit
600 2222 681 2273 quam
694 2222 795 2275 parvus
808 2213 937 2262 ovantem

200 2292 308 2345 Nomen
322 2292 367 2345 avi
379 2292 500 2344 referens
513 2291 647 2358 Priamus,
662 2299 710 2347 tua
723 2294 804 2362 clara,
820 2295 917 2360 Polite,

199 2380 356 2447 Progenies,
371 2385 485 2433 auctura
497 2379 598 2446 Italos3
619 2397 701 2448 quem
716 2380 848 2436 Thracius
864 2381 933 2435 albis

199 2467 295 2520 Portat
309 2483 394 2534 equus
407 2466 513 2520 bicolor
526 2468 648 2536 maculis,
665 2468 780 2536 vestigia
793 2468 875 2536 primi

199 2553 271 2606 Alba
284 2553 362 2620 pedis
379 2553 552 2622 frontemque
565 2560 707 2609 ostentans
721 2555 823 2608 arduus
835 2555 935 2609 albam.

198 2639 279 2693 Alter
293 2642 372 2708 Atys,
384 2657 470 2708 genus
483 2641 555 2695 unde
569 2641 628 2694 Atii
642 2642 745 2695 duxere
758 2641 856 2708 Latini,

198 2728 304 2781 Parvus
316 2728 396 2795 Atys,
411 2744 552 2797 pueroque
564 2745 633 2796 puer
646 2728 762 2782 dilectus
774 2728 844 2781 Iulo,

197 2817 353 2884 Extremus,
368 2817 511 2885 formaque
525 2822 590 2870 ante
602 2816 692 2869 omnis
705 2816 826 2884 pulcher,
841 2815 918 2868 Iulus

198 2905 312 2958 Sidonio
325 2908 367 2956 est
379 2903 505 2956 invectus
517 2920 595 2972 equo,
612 2920 693 2971 quem
707 2904 826 2957 candida
838 2903 913 2956 Dido

197 2993 264 3046 Esse
277 2992 318 3045 sui
331 2991 446 3044 dederat
459 2997 667 3045 monumentum
682 2999 710 3044 et
722 2991 822 3059 pignus
834 2990 944 3044 amoris.

199 3080 298 3133 Cetera
310 3079 458 3132 Trinacriis
470 3079 557 3146 pubes
572 3077 687 3130 senioris
702 3077 819 3132 Acestae

198 3167 296 3218 Fertur
308 3167 392 3234 equis.

197 3252 347 3321 Excipiunt
359 3252 456 3322 plausu
470 3251 593 3320 pavidos,
607 3251 781 3320 gaudentque
794 3257 904 3306 tuentes

198 3339 381 3407 Dardanidae,
395 3345 576 3408 veterumque
589 3346 741 3406 agnoscunt
754 3355 803 3392 ora
817 3344 971 3407 parentum.

198 3426 348 3494 Postquam
361 3442 471 3478 omnem
483 3425 549 3478 laeti
563 3441 719 3478 consessum
733 3427 881 3496 oculosque
893 3442 1006 3480 suorum

198 3511 363 3564 Lustravere
376 3512 403 3564 iu
417 3512 501 3578 equis,
515 3511 624 3578 signum
638 3512 758 3566 clamore
771 3514 875 3581 paratis
