2730 3936
513 217 651 269 Vuaulal
674 222 839 272 AENEIDOS
863 223 908 273 ΙΙΙ.

199 381 307 436 Deiecit
319 382 425 436 vultum
439 386 468 436 et
479 381 598 436 demissa
610 399 679 436 voce
690 383 783 437 locuta
795 389 853 438 est:

201 466 251 520 “O
263 468 331 520 felix
344 485 399 523 una
413 475 477 522 ante
490 469 557 523 alias
569 469 707 524 Priameia
718 471 804 538 virge,

199 554 334 608 Hostilem
346 555 381 608 ad
396 556 531 609 tumulum
544 557 642 611 Troiae
654 559 705 610 sub
717 557 863 612 moenibus
875 558 938 612 altis

199 642 275 695 lassa
287 641 366 710 mori,
382 658 451 710 quae
464 643 578 696 sortitus
590 660 645 697 uon
657 644 773 713 pertulit
786 644 863 712 ullos,

199 730 259 783 Nec
271 729 386 782 victoris
398 729 438 783 eri
450 730 543 797 tetigit
556 731 666 798 captiva
678 730 780 785 cubile!

198 816 266 885 Nos,
279 816 370 884 patria
382 816 494 869 incensa
506 815 614 870 diversa
625 834 677 886 per
690 834 811 886 aequora
823 824 926 887 vectae,

199 903 298 971 Stirpis
310 901 454 956 Achilleae
465 903 554 956 fastus
565 904 748 974 iuvenemque
761 907 918 975 superbum,

199 991 319 1044 Servitio
331 991 436 1058 enixae,
451 991 578 1056 tulimus,
600 993 647 1060 qui
659 991 766 1058 deinde,
781 998 892 1047 secutus

198 1076 332 1132 Ledaeam
346 1076 518 1130 Hermionen
530 1077 816 1148 Lacedaemoniosque
829 1081 1005 1148 hymenaeos,

197 1166 243 1220 Me
255 1165 361 1220 famulo
374 1167 560 1235 famulamque
573 1167 681 1220 Heleno
694 1168 847 1222 transmisit
860 1168 1025 1222 habendam.

198 1255 251 1307 Ast
262 1253 347 1316 illum,
362 1258 473 1321 ereptae
482 1269 584 1322 magno
596 1254 780 1308 inflammatus
793 1272 885 1308 amore

198 1341 329 1409 Coniugis
342 1347 369 1394 et
382 1341 514 1395 scelernm
529 1341 618 1395 Furiis
631 1343 757 1410 agitatus,
772 1342 885 1396 Orestes

197 1426 308 1496 Excipit
320 1428 460 1482 incautum
473 1431 631 1499 patriasque
646 1430 793 1484 obtmncat
806 1429 839 1483 ad
853 1446 922 1483 aras.

197 1513 288 1568 Morte
301 1513 476 1583 Neoptolemi
490 1533 639 1584 regnorum
654 1517 762 1570 reddita
775 1516 858 1570 cessit

197 1601 265 1655 Pars
278 1601 393 1670 Heleno,
408 1604 455 1672 qui
469 1603 608 1658 Ohaonios
623 1605 787 1673 cognomine
800 1621 913 1673 campos

198 1688 405 1758 Chaoniamque
417 1707 527 1744 omnem
541 1691 660 1745 Troiano
674 1708 690 1744 a
703 1691 816 1745 Chaone
829 1691 908 1758 dixit,

197 1775 385 1845 Pergamaque
395 1776 560 1846 Iliacamque
573 1779 643 1847 iugis
655 1778 727 1832 hanc
739 1777 845 1832 addidit
857 1795 956 1832 arcem.

197 1863 251 1918 Sed
263 1864 314 1918 tibi
327 1864 374 1932 qui
387 1882 495 1919 cursum
510 1866 595 1933 venti,
611 1883 680 1934 quae
693 1867 752 1919 iata
764 1865 881 1919 dederet

196 1953 394 2021 Autquisnam
407 1953 533 2021 ignarum
548 1954 650 2007 nostris
662 1953 730 2006 deus
742 1953 848 2022 appulit
861 1953 934 2006 crist

198 2040 271 2105 Quid
283 2057 351 2109 puer
365 2040 520 2094 Ascaniust
543 2046 688 2110 superatne
702 2045 730 2094 et
742 2041 863 2094 vescitur
875 2057 950 2108 aura,

197 2127 285 2192 Quem
298 2128 346 2181 tibi
361 2129 415 2182 iam
429 2128 546 2181 Troia-

195 2215 290 2284 Ecqua
301 2221 395 2270 tamen
408 2233 493 2286 puero
507 2222 548 2270 est
561 2217 675 2271 amissae
690 2233 755 2270 cura
768 2215 908 2284 parentiel

195 2301 301 2372 Ecquid
314 2304 343 2356 in
355 2305 496 2374 antiquam
511 2305 642 2358 virtutem
656 2305 816 2372 animosque
828 2300 915 2354 virilis

195 2389 231 2442 Et
244 2395 323 2458 pater
335 2393 446 2446 Aeneas
459 2398 486 2446 et
499 2392 651 2446 avunculus
665 2391 767 2444 excitat
780 2389 902 2443 Hectori
914 2388 931 2416 ’'

195 2476 271 2531 Talia
282 2479 418 2533 fundebat
430 2480 577 2534 lacrimans
588 2479 740 2548 longosque
753 2478 844 2531 ciebat

196 2565 335 2622 Incassum
348 2569 436 2638 iletus,
452 2586 512 2623 cum
527 2585 585 2622 sese
598 2585 613 2621 a
625 2566 769 2620 moenibus
780 2564 863 2618 heros

194 2653 346 2709 Priamides
358 2657 452 2710 multis
463 2657 585 2710 Helenus
598 2653 795 2708 comitantibus
807 2651 904 2719 adfert,

195 2742 384 2813 Agnoscitqne
397 2761 467 2810 suos,
481 2744 623 2812 laetusque
637 2742 671 2796 ad
683 2741 781 2793 limina
793 2739 876 2800 ducit,

193 2829 230 2883 Et
242 2831 359 2884 multum
372 2831 498 2886 lacrimas
511 2832 595 2885 verba
607 2832 680 2883 inter
693 2827 800 2895 singula
811 2825 912 2879 fundit.

194 2918 324 2987 Procedo,
340 2924 368 2972 ct
380 2935 494 2988 parvam
507 2918 617 2972 Troiam
630 2917 812 2984 simulataque
825 2913 933 2982 magnis

193 3005 328 3076 Pergama
340 3013 368 3062 ct
381 3013 502 3063 arentem
517 3007 622 3062 Xanthi
636 3007 799 3076 cognomine
815 3004 902 3056 rivum

193 3093 331 3163 Agnosco,
348 3096 501 3165 Scaeaeque
515 3094 666 3164 amplector
679 3095 776 3148 limina
788 3095 893 3160 portae.

192 3177 253 3235 Nec
265 3198 321 3235 non
334 3189 362 3236 et
374 3182 472 3238 Teucri
484 3183 559 3236 socia
571 3182 652 3235 simul
665 3182 733 3234 urbe
746 3181 888 3232 fruuntur.

192 3266 257 3322 Illos
269 3269 421 3337 porticibus
433 3286 482 3323 rex
496 3270 648 3338 accipiebat
660 3268 688 3320 in
702 3267 815 3335 amplis,

193 3355 275 3408 Aulai
289 3356 379 3409 medio
392 3357 515 3411 libabant
527 3355 625 3425 pocula
640 3354 750 3421 bacchi,

192 3441 332 3510 Impositis
344 3460 413 3497 auro
426 3444 549 3511 dapibus,
565 3449 726 3511 paterasque
740 3441 881 3495 tenebant.

227 3528 341 3599 lamque
353 3529 413 3584 dies
425 3530 547 3599 alterque
560 3530 618 3583 dies
631 3529 771 3598 processit,
787 3535 814 3582 et
827 3543 910 3581 aurae
