2730 3936
496 205 635 254 vanem
658 203 822 254 lumbos
844 203 891 254 Ill.

188 363 393 435 Quadrupedes,
407 371 436 419 et
447 365 527 420 frena
538 365 603 434 iugo
615 365 763 419 eoncordia
774 365 862 418 ferre:

186 452 253 522 Spes
266 458 294 506 et
306 452 409 522 pacis,’'
423 453 471 511 ait,
507 451 576 506 Tum
589 453 705 506 numina
715 456 811 506 saneta
823 467 969 520 precamur

186 539 306 594 Palladis
319 541 482 607 armisonae,
498 556 567 608 quae
580 540 669 608 prima
681 540 787 607 aceepit
800 539 918 607 eustatie,

187 627 223 680 Et
234 627 325 696 capita
337 633 401 681 ante
414 644 477 680 aras
488 626 612 694 Phrygio
625 626 747 680 velamur
761 625 880 694 amietu;

186 714 398 783 Praeceptieqne
410 713 521 783 Heleni,
535 714 651 768 dederat
663 728 732 783 quae
744 714 874 781 maxima,
888 714 943 768 rite

184 802 287 868 lunoni
299 801 421 870 Argivae
432 802 521 855 iussos
534 801 675 856 adolemus
687 801 815 855 honores

185 887 269 942 Haud
281 905 366 956 mora,
381 889 515 942 continuo
525 888 658 957 perfectis
670 887 768 942 ordine
782 890 862 959 votis,

188 979 299 1032 Cornua
310 977 463 1031 velatarum
478 977 648 1031 obvertimus
660 983 853 1046 antennarum,

188 1066 429 1134 Graiugenumque
442 1065 540 1118 domos
552 1071 732 1135 suspectaque
744 1067 894 1135 linquimus
906 1082 983 1120 arva.

188 1153 260 1207 Hinc
273 1153 349 1206 sinus
360 1152 498 1222 Herculei,
514 1153 536 1206 si
549 1171 616 1208 vera
628 1161 670 1208 est
682 1155 766 1220 fama,
782 1154 895 1208 Terenti

188 1240 333 1306 Cernitur3
354 1240 457 1294 attollit
470 1257 498 1294 se
511 1240 577 1294 diva
588 1241 700 1296 Lacinia
712 1247 817 1310 eontra,

189 1327 374 1396 Caulonisque
387 1343 463 1382 arces
475 1333 504 1382 et
515 1329 692 1397 navifragum
705 1329 877 1396 Scylaceum.

188 1415 258 1468 Tum
270 1414 367 1485 prooul
379 1431 395 1468 e
407 1415 493 1468 fluctu
505 1415 646 1470 Trinacria
658 1418 781 1471 cernitur
793 1417 895 1485 Aetna,

187 1502 225 1555 Et
236 1502 368 1570 gemitum
380 1502 522 1570 ingentem
533 1504 623 1572 pelagi
635 1503 798 1572 pulsataque
810 1520 878 1557 saxa

189 1588 325 1642 Audimus
337 1588 420 1657 longe
432 1590 591 1658 fractasque
604 1590 639 1645 ad
651 1591 735 1645 litora
746 1607 837 1660 voces,

188 1676 389 1745 Exsultantqne
402 1677 480 1746 vada,
494 1682 578 1747 atque
590 1682 668 1732 aestu
680 1678 830 1732 miscentur
842 1679 969 1732 harenae

188 1765 226 1818 Et
236 1770 316 1834 pater
328 1764 480 1819 Anehises:
502 1767 520 1794 “
529 1765 667 1819 Nimirum
680 1767 749 1820 haee
761 1765 809 1819 ille
822 1765 995 1833 (lbarybdis3

189 1852 249 1906 Hos
261 1852 383 1906 Helenus
396 1852 529 1922 scopulos,
543 1853 612 1907 haee
625 1870 691 1907 saxa
703 1852 842 1907 horrenda
855 1852 981 1906 canebat.

188 1941 304 2010 Eripite,
318 1957 335 1994 o
347 1941 422 2009 socii,
437 1942 594 2010 pariterque
606 1941 742 2009 insurgite
754 1940 865 1994 remis.”

189 2027 271 2082 Haud
283 2028 374 2081 minus
386 2044 418 2082 ao
429 2029 495 2081 iussi
507 2028 620 2096 faciunt,
635 2029 797 2098 primusque
808 2027 955 2082 rudentem

189 2116 333 2170 Gontorsit
344 2114 437 2169 laevas
449 2114 560 2185 proram
572 2115 719 2170 Palinurus
731 2116 766 2169 ad
779 2115 882 2182 undas3

189 2203 308 2259 Laevam
321 2209 421 2258 cuncta
433 2205 534 2258 cohors
546 2203 629 2258 remis
641 2204 787 2272 ventisque
799 2202 908 2271 petivit.

189 2291 322 2346 Tollimur
334 2293 363 2345 in
376 2292 480 2346 eaelum
493 2296 609 2345 eurvato
621 2291 737 2359 gurgite,
752 2295 780 2344 et
792 2289 865 2342 idern

189 2380 332 2436 Subducta
345 2379 380 2435 ad
391 2379 481 2434 Manis
492 2379 564 2432 imos
576 2377 733 2432 desedimus
745 2377 826 2432 unda

189 2464 242 2520 Ter
254 2465 359 2535 scopuli
372 2465 519 2518 clamorem
532 2465 604 2518 inter
617 2479 685 2517 cava
694 2479 762 2518 saxa
773 2462 888 2531 dedere;

189 2553 243 2606 Ter
255 2569 380 2623 spumam
394 2553 487 2606 elisam
501 2557 530 2606 et
542 2552 664 2606 rorantia
676 2551 797 2604 vidimus
808 2556 892 2606 astra.

189 2641 299 2696 Interea
311 2643 398 2696 fessos
410 2647 510 2696 ventus
522 2659 584 2694 eum
597 2639 654 2695 sole
669 2639 788 2707 reliquit,

188 2729 336 2798 Ignarique
349 2729 409 2783 viee
422 2729 575 2798 Cyelopum
588 2727 742 2782 adlabimur
755 2726 819 2780 oris.

224 2817 326 2870 Portus
338 2816 373 2870 ab
386 2833 496 2871 accessu
509 2823 655 2872 ventorum
668 2816 801 2868 immotus
813 2819 841 2867 et
853 2814 951 2881 ingens

190 2902 266 2971 Ipse;
287 2903 336 2957 eed
348 2902 485 2958 horrificis
497 2905 574 2958 iuxta
586 2910 664 2958 tonat
679 2905 772 2958 Aetna
783 2902 877 2969 ruinis,

189 2988 385 3059 Interdumque
399 2996 487 3045 atram
500 2993 655 3062 prorumpit
668 2991 702 3045 ad
717 2990 830 3046 aethera
842 2989 954 3055 nubem,

189 3075 308 3131 Turbine
320 3078 475 3132 fumantem
488 3078 566 3147 piceo
579 3084 607 3132 et
619 3078 754 3132 candente
769 3076 870 3143 favilla,

190 3162 356 3234 Attollitque
369 3165 466 3232 globos
477 3164 651 3220 flammarum
664 3171 692 3218 et
705 3165 796 3219 sidera
808 3163 924 3230 lambit;

189 3249 332 3304 Interdum
345 3251 472 3320 scopulos
484 3252 631 3320 avulsaque
644 3252 749 3305 viscera
761 3251 864 3304 montis

189 3335 279 3404 Erigit
291 3343 425 3406 eructans,
437 3338 637 3407 liquefactaque
650 3355 717 3392 saxa
729 3338 780 3392 snb
793 3353 874 3391 auras

190 3423 260 3476 (lum
272 3424 376 3492 gemitu
389 3424 531 3493 glomerat,
545 3425 688 3494 fundoque
700 3429 842 3479 exaestuat
853 3424 918 3478 imo.

190 3507 275 3563 Tama
287 3515 329 3564 est
341 3509 474 3565 Enceladi
487 3517 637 3565 semustum
650 3511 764 3566 fulmine
778 3527 879 3581 eorpus
981 3525 985 3538 ·
