2706 3938
439 238 575 289 VERGILI
598 239 763 290 cussinos
788 242 831 293 vl.

121 397 173 454 Per
185 417 316 470 campum
328 405 478 471 pascuntur
491 402 558 469 equi
601 401 679 466 Quae
691 404 780 472 gratia
792 420 922 458 curruum

121 489 329 557 Armorumque
340 489 397 542 fuit
409 489 486 555 vivia,
503 505 571 556 quae
583 506 650 543 cura
661 490 777 544 nitentis

119 575 239 629 Pascere
253 593 346 644 equos,
362 575 458 629 eadem
473 577 598 645 sequitur
610 577 709 630 tellure
722 585 857 646 repostos.

120 663 271 731 Conspicit,
287 679 358 730 ecce,
373 663 441 716 alios
454 663 553 716 dextra
565 663 697 732 laevaque
711 681 760 732 per
772 664 889 719 herbam

120 749 270 804 Vescentis
282 751 439 818 laetumque
453 750 538 803 clroro
552 750 662 804 Paeana
676 753 802 806 canentis

118 836 197 890 Inter
210 838 357 891 odoratum
371 837 439 890 lauri
453 853 558 904 neritus,
575 837 648 891 unde
662 855 779 907 superne

118 923 261 978 Plurimus
273 925 385 978 Eridani
400 941 447 992 per
460 923 556 977 silvam
570 923 693 977 volvitur
705 927 801 981 amnis.

118 1012 171 1065 Hic
186 1029 284 1066 manus
297 1013 332 1066 ob
347 1012 463 1081 putrium
478 1011 626 1080 pugnaudo
640 1012 754 1066 volnera
765 1015 845 1084 passi,

119 1098 229 1167 Quique
241 1099 399 1152 sacerdotes
412 1099 487 1166 casti,
503 1099 567 1151 dum
583 1099 640 1152 vita
654 1101 792 1170 manebat,

118 1187 229 1256 Quique
244 1188 282 1256 pii
296 1192 371 1242 vates
384 1198 412 1241 et
425 1188 537 1242 Phoebo
550 1187 634 1254 digna
647 1187 740 1255 locuti,

118 1274 252 1329 Inventas
265 1283 313 1328 eut
325 1275 372 1344 qui
385 1274 471 1328 vitum
484 1275 628 1328 excoluere
642 1291 690 1342 per
703 1276 777 1344 artis,

118 1363 230 1431 Quique
244 1362 286 1416 sui
299 1379 435 1417 memores
448 1363 516 1416 alios
528 1363 618 1416 fecere
633 1363 780 1428 merendo;

118 1451 257 1503 Omnibus
269 1451 313 1504 his
325 1451 406 1504 nivea
419 1452 568 1519 cinguntur
581 1458 708 1518 tempora
723 1451 802 1506 vitta

118 1538 197 1602 Quos
209 1537 391 1590 circumfusos
402 1538 441 1591 sic
453 1543 495 1591 est
508 1539 603 1592 adfata
615 1537 726 1606 Sibylla,

116 1625 261 1678 Musaeum
275 1627 340 1676 ante
353 1623 456 1691 omnis;
475 1624 595 1678 medium
610 1642 672 1679 nam
686 1625 803 1694 plurima
817 1628 900 1682 turba

116 1712 200 1765 Hunc
213 1709 307 1773 habet,
322 1717 404 1777 atque
417 1711 519 1764 umeris
531 1718 685 1767 exstantem
700 1714 813 1782 suspicit
826 1715 906 1769 altis:

117 1801 134 1828 “
144 1798 246 1863 Dicite,
261 1795 355 1849 felices
367 1797 484 1864 anianae,
499 1803 591 1867 tuque,
606 1801 710 1868 optime
724 1807 808 1868 vetes,

116 1887 195 1951 Quae
208 1886 286 1954 regio
302 1883 450 1952 Anchisen,
467 1886 526 1955 quis
538 1886 622 1941 habet
635 1888 727 1942 loousl
745 1889 819 1942 illius
833 1905 898 1958 ergo

116 1973 255 2028 Venimus
268 1979 297 2027 et
310 1989 424 2042 magnos
437 1973 520 2027 Erebi
533 1976 703 2029 tranavimus
716 1979 832 2032 amnis.''

116 2062 210 2131 Atque
224 2062 290 2116 huic
303 2077 467 2131 responsum
480 2063 575 2130 paucis
585 2061 625 2116 ita
638 2063 758 2118 reddidit
771 2066 871 2120 heros:

117 2147 222 2202 “Nulli
235 2155 311 2204 certa
323 2150 438 2217 domus;
459 2149 528 2203 lucis
541 2150 695 2205 habitamus
709 2155 810 2222 opacis,

117 2237 307 2308 Riparumque
319 2245 397 2293 toros
410 2242 438 2291 et
450 2243 531 2306 prata
542 2239 663 2292 recentia
676 2241 743 2294 rivis

116 2325 277 2380 Incolimus.
315 2326 369 2379 Sed
382 2342 439 2392 vos,
456 2326 479 2378 si
488 2325 546 2378 fert
557 2326 596 2379 ita
609 2327 691 2382 corde
706 2329 842 2398 voluntas,

119 2412 178 2466 Hoc
191 2418 319 2480 superate
331 2412 439 2480 iugum3
461 2419 489 2465 et
502 2412 576 2466 facili
589 2414 642 2466 iam
656 2417 766 2470 tramite
779 2416 902 2471 sistam.’'

117 2499 204 2567 Dixit,
219 2504 248 2552 et
261 2504 326 2552 ante
339 2499 403 2552 tulit
416 2517 549 2568 gressum,
563 2517 728 2571 camposque
741 2505 855 2559 nitentis

117 2587 244 2655 Desuper
256 2591 393 2653 ostentat3
415 2587 515 2641 dehinc
528 2605 634 2642 summa
649 2592 792 2644 cacumina
804 2592 942 2661 linquunt.

152 2671 193 2725 At
205 2678 286 2741 pater
299 2672 436 2726 Anchises
450 2674 558 2742 penitus
571 2677 696 2730 convalle
711 2678 814 2731 virenti

116 2759 241 2814 Inclusas
252 2760 359 2812 animas
372 2777 556 2830 superumque
568 2763 603 2816 ad
616 2763 709 2818 lumen
720 2766 808 2820 ituras

117 2847 266 2900 Lustrabat
279 2846 369 2900 studio
383 2847 513 2913 recolens,
529 2867 694 2920 omnemque
707 2869 818 2906 suorum

116 2934 201 2988 Forte
212 2934 375 2988 recensebat
388 2952 533 2990 numerum
547 2954 678 3007 carosque
692 2945 816 3009 nepotes,

116 3022 239 3092 Fataque
252 3022 433 3091 fortunasque
446 3024 536 3077 virum
551 3041 695 3095 moresque
709 3045 869 3097 munusque.

116 3109 196 3179 leque
206 3111 254 3164 ubi
268 3110 428 3164 tendentem
441 3112 585 3166 adversum
598 3131 648 3182 per
659 3117 784 3184 gramina
796 3117 866 3170 vidit

116 3198 240 3264 Aenean,
256 3198 352 3251 alacris
365 3198 471 3266 palmas
484 3205 612 3270 utresque
625 3204 753 3270 tetendit,

115 3285 282 3354 Effusaeque
294 3286 372 3354 genis
385 3286 523 3354 lacrimae,
539 3294 568 3341 et
580 3306 634 3341 vox
649 3291 753 3343 excidit
766 3306 830 3345 ore:

118 3373 255 3427 “Venisti
269 3373 391 3440 tandem,
405 3380 508 3443 tuaque
521 3382 679 3443 exspectata
692 3379 801 3446 parenti

117 3459 192 3514 Vicit
204 3462 259 3516 iter
272 3461 371 3514 durum
385 3462 491 3529 pietasl
511 3462 593 3516 datur
606 3466 746 3531 eretriaci,

116 3546 195 3616 Nate,
209 3553 265 3616 tua,
283 3558 312 3601 et
325 3554 406 3602 notas
420 3549 514 3602 audire
527 3555 556 3602 et
569 3550 686 3618 reddere
701 3555 799 3607 vocesl
