2706 3938
441 215 579 266 VERGILI
603 217 767 266 AENEIDOS
790 217 834 267 Vl.

127 377 223 432 Ulmus
236 395 332 447 opaca,
347 379 452 448 ingens,
468 396 549 448 qnam
563 379 655 433 sedern
669 380 783 434 Somnia
796 381 877 448 volgo

127 464 207 520 Vana
219 471 318 520 tenere
331 467 433 533 ferunt,
447 467 576 535 foliisque
589 468 640 521 sub
653 468 780 522 omnibus
793 469 916 522 haerent.

125 552 269 622 Multaque
281 559 428 622 praeterea
438 554 575 609 variarum
589 559 714 609 monstra
726 555 847 609 ferarum

126 640 259 694 Centauri
271 642 301 694 in
314 641 421 695 foribus
434 642 572 696 stabulant
585 641 746 711 Scyllaeque
760 643 891 696 biformes

125 729 161 782 Et
174 730 416 798 centumgeminus
428 729 559 784 Briareus
571 747 603 784 ac
616 730 697 784 belua
710 730 822 794 Lernae,

126 815 307 870 Horrendnm
320 816 445 883 stridens,
460 816 631 886 flammisque
644 823 750 870 armata
763 816 916 882 Chimaera,

125 903 274 972 Gorgones
286 903 481 973 Harpyiaeque
494 911 523 958 et
534 905 626 958 forma
639 905 801 974 tricorporis
813 905 936 958 umbrae.

126 991 252 1061 Corripit
263 992 310 1044 hic
323 993 414 1046 subita
426 992 551 1061 trepidus
563 993 713 1046 formidine
727 996 832 1046 ferrum

75 1139 78 1142 ,
125 1080 247 1147 Aeneas,
262 1079 440 1148 strictamque
452 1082 539 1134 aciem
554 1080 729 1133 venientibus
742 1081 843 1145 offert;

125 1166 169 1234 Et,
183 1167 215 1220 ni
228 1167 312 1220 docta
324 1183 415 1220 comes
427 1169 519 1220 tenuis
532 1169 590 1220 sine
605 1184 720 1236 corpore
734 1169 806 1222 vitas

128 1254 288 1308 Admoneat
301 1255 416 1308 volitare
428 1273 495 1309 cava
508 1257 558 1309 snb
572 1256 691 1324 imagine
704 1257 818 1321 formae,

126 1342 233 1408 lurdat,
249 1348 277 1395 et
290 1342 392 1396 frustra
403 1344 477 1397 ferre
491 1345 649 1398 diverberet
664 1346 784 1398 umbras.

161 1430 238 1484 Hinc
252 1431 306 1496 via,
320 1430 444 1485 Tartarei
457 1449 526 1501 quae
539 1432 596 1486 fert
609 1433 779 1486 Acherontis
791 1432 825 1487 ad
839 1432 935 1486 undas.

126 1517 267 1572 Turbidus
279 1517 325 1571 hic
337 1535 422 1572 caeno
435 1527 567 1588 vastaque
579 1521 711 1588 voragine
725 1536 825 1586 gurges

126 1606 249 1659 Aestuat
262 1613 344 1673 atque
357 1623 465 1659 omnem
479 1607 586 1674 Cocyto
599 1615 706 1660 eructat
719 1607 860 1660 harenam.

126 1693 254 1746 Portitor
266 1692 316 1745 has
328 1692 483 1747 horrendus
496 1711 580 1761 aquas
594 1701 622 1748 et
633 1693 749 1748 flumina
761 1700 854 1746 servat

126 1780 256 1835 Terribili
269 1780 396 1849 squalore
409 1781 528 1845 Charon,
545 1782 588 1836 cui
601 1782 719 1850 plurima
735 1787 831 1835 mento

127 1869 252 1922 Canities
263 1869 368 1922 inculta
378 1869 458 1936 iacet,
473 1875 547 1923 stant
559 1870 664 1924 lumina
676 1869 794 1937 flamma,

127 1955 263 2010 Sordidus
275 1971 310 2008 ex
322 1956 424 2010 umeris
437 1956 510 2010 nodo
524 1957 661 2026 dependet
676 1958 800 2010 amictus.

126 2043 191 2112 lpse
203 2049 292 2097 ratem
306 2047 388 2096 conto
401 2043 511 2111 subigit,
526 2045 648 2113 velisque
660 2045 808 2113 ministrat,

126 2129 164 2184 Et
175 2130 335 2198 ferruginea
346 2130 490 2184 subvectat
502 2147 617 2200 corpora
630 2132 737 2198 cymba,

126 2217 187 2272 Iam
195 2217 302 2286 senior3
320 2218 459 2272 sedcruda
472 2218 525 2272 deo
538 2219 687 2288 viridisque
700 2225 835 2274 senectus.

127 2303 190 2356 Huc
203 2303 294 2356 omnis
306 2305 390 2357 turba
401 2303 436 2358 ad
449 2304 522 2373 ripas
535 2304 623 2358 effusa
635 2304 740 2372 ruebat,

126 2390 232 2445 Matres
245 2397 327 2460 atque
340 2391 402 2458 viri,
418 2391 600 2460 defunctaque
615 2408 733 2460 corpora
746 2393 804 2446 vita

126 2477 335 2546 Magnanimum
348 2478 472 2548 heroum,
486 2481 564 2548 pueri
577 2480 764 2548 innuptaeque
777 2480 891 2548 puellae,

126 2566 394 2635 Impositiqueyogis
405 2567 519 2620 iuvenes
532 2573 596 2620 aute
610 2583 658 2620 ora
673 2575 834 2634 parentum:

127 2655 215 2720 Quam
230 2654 317 2708 multa
330 2655 358 2707 in
372 2655 448 2708 silvis
460 2655 586 2708 autumni
599 2653 704 2722 frigore
716 2654 807 2722 primo

126 2742 214 2810 Lapsa
228 2742 331 2797 cadunt
343 2742 417 2808 folia,
432 2742 528 2796 autad
541 2749 643 2796 terram
657 2742 765 2810 gurgite
778 2742 812 2794 ab
825 2742 882 2795 alto

127 2829 216 2894 Quam
231 2829 335 2883 multae
347 2830 537 2898 glomerantur
550 2846 621 2895 aves,
638 2830 684 2882 ubi
699 2829 817 2897 Frigidus
830 2845 918 2883 annus

126 2915 214 2970 Trans
228 2924 344 2984 pontum
356 2917 435 2985 fugat
447 2921 476 2969 et
488 2917 570 2969 terris
582 2916 708 2969 immittit
721 2916 830 2984 apricis

126 3003 247 3058 Stabant
259 3010 371 3058 orantes
383 3003 466 3072 primi
478 3004 667 3056 transmittere
681 3020 799 3071 cursum,

126 3091 345 3160 Tendebantque
358 3107 456 3146 manus
468 3091 546 3158 ripae
559 3091 699 3144 ulterioris
713 3107 816 3145 amore.

126 3177 230 3232 Navita
242 3179 291 3232 sed
304 3178 391 3232 tristis
402 3195 476 3231 nuno
488 3177 541 3230 hos
549 3193 623 3232 nunc
636 3178 736 3246 accipit
747 3165 819 3246 illos,

125 3267 179 3320 Ast
191 3267 262 3320 alios
274 3266 356 3334 longe
368 3265 512 3318 submotos
524 3270 599 3318 arcet
611 3265 723 3318 harena.

127 3353 390 3407 Aeneas-miratus
403 3352 476 3405 enim
489 3357 634 3420 motusque
648 3352 803 3405 tumultu—-

128 3439 204 3494 “Dio
214 3440 231 3467 ’'
244 3440 292 3507 ait,
309 3441 326 3468 “
337 3455 353 3492 o
365 3439 453 3506 virgo,
469 3439 532 3507 quid
547 3439 607 3493 volt
619 3455 769 3493 concursus
782 3439 816 3494 ad
830 3441 958 3496 amneml

126 3526 234 3592 Quidve
247 3531 349 3596 petunt
361 3525 488 3579 animae?
507 3525 551 3578 vel
565 3541 619 3593 quo
632 3525 793 3580 discrimine
807 3526 882 3595 ripas

183 3623 215 3675 15
312 3631 325 3668 J
