2656 3940
405 219 543 270 vanam
565 219 730 270 anualnos
753 220 796 270 lx„

104 373 228 430 Ausonios
240 376 317 447 olim,
333 394 522 448 quaecumque
534 381 653 434 evaserit
665 380 754 448 undis,

102 460 317 533 Dardaniumque
329 465 427 520 ducem
442 465 593 520 Laurentia
606 467 714 521 vexarit
727 484 801 535 arva,

101 547 234 605 Mortalem
248 553 364 621 eripiam
378 553 503 622 formam,
518 555 665 622 magnique
679 555 781 608 iubebo

101 635 226 706 Aequoris
238 656 298 693 esse
311 640 384 709 deas,
400 640 487 709 qualis
500 639 601 696 Nereia
612 641 688 695 Doto

99 722 131 777 Et
141 725 253 780 Galatea
265 732 360 781 secant
373 732 547 796 spumantem
560 733 672 797 pectore
685 729 829 797 pontum.”

99 810 211 884 Dixerat,
226 815 309 884 idque
322 819 412 869 ratum
426 814 516 884 Stygii
529 831 579 884 per
591 814 707 871 flumina
719 817 821 886 fratris,

99 898 146 954 Per
156 903 213 970 pice
226 903 361 957 torrentis
374 909 486 972 atraque
502 903 633 971 voragine
646 903 719 972 ripas

99 987 202 1058 Adnuit,
217 996 246 1044 et
258 997 350 1044 totum
363 995 432 1043 nutu
448 991 604 1044 tremefecit
618 990 777 1059 Olympum.

127 1075 195 1144 Ergo
207 1078 304 1131 aderat
316 1078 451 1146 promissa
463 1078 529 1145 dies,
547 1083 575 1130 et
586 1082 713 1146 tempera
725 1077 827 1132 Parcae

97 1161 188 1218 Debita
200 1165 388 1234 complerant:
410 1182 472 1220 cum
485 1166 572 1219 Turni
585 1165 686 1218 iniuria
697 1163 815 1219 Matrem

98 1249 239 1306 Admonuit
252 1252 361 1306 ratibus
373 1254 457 1306 sacris
470 1252 608 1322 depellere
621 1251 724 1307 aedas.

96 1336 142 1392 Hic
153 1341 271 1408 primum
285 1357 359 1398 nova
371 1341 419 1394 lux
432 1341 520 1396 oculis
533 1340 647 1410 offulsit,
663 1345 692 1392 et
704 1340 803 1408 ingens

96 1423 170 1480 Visus
181 1429 215 1480 ab
227 1429 341 1482 Aurora
353 1429 459 1482 caelum
471 1434 661 1482 transcurrere
676 1427 794 1495 nimbus,

96 1509 213 1584 Idaeique
225 1517 321 1585 chori;
341 1521 401 1570 tum
415 1533 469 1570 vox
481 1517 622 1571 horrenda
634 1534 684 1586 per
698 1533 778 1572 auras

95 1597 195 1655 Excidit
207 1611 234 1656 et
247 1603 351 1656 Troum
366 1604 587 1673 Rutulorumque
603 1605 713 1672 agmina
726 1603 863 1672 complet:

97 1686 111 1713 “
119 1686 143 1740 N
144 1706 158 1742 e
169 1692 308 1758 trepidate
320 1708 403 1758 meas,
418 1691 524 1760 Teucri,
538 1691 687 1746 defendere
700 1692 787 1760 navis,

95 1771 163 1828 Neve
175 1784 282 1832 minate
295 1795 407 1846 manua;
428 1778 515 1833 maria
528 1784 593 1833 ante
606 1796 721 1833 exurere
737 1779 839 1847 Turno,

96 1859 173 1926 Quam
186 1882 280 1920 sacras
292 1866 404 1923 dabitur
416 1867 505 1935 pinus.
544 1865 604 1920 Vos
616 1866 656 1919 ite
670 1866 783 1936 solutae,

94 1947 205 2006 Itedeae
216 1954 325 2022 pelagi3
345 1953 470 2022 genetrix
488 1955 592 2010 iubet.'’
628 1955 667 2010 Et
679 1973 728 2012 aua
741 1975 864 2028 quaeque
911 2001 923 2033 ,Α

94 2033 220 2092 Continuo
234 2054 344 2108 puppes
356 2039 524 2108 abrumpunt
535 2039 647 2094 vincula
659 2041 734 2109 ripis,

93 2120 308 2195 Delphinnmque
321 2126 406 2180 modo
418 2126 551 2180 demersis
565 2144 685 2196 aequora
696 2129 793 2182 rostris

94 2207 145 2264 lma
156 2219 259 2280 petunt.
300 2213 374 2267 Hinc
388 2214 536 2283 virgineae,
551 2215 676 2269 mirabile
690 2222 852 2286 monstrum,

94 2294 213 2354 Reddnnt
225 2318 254 2354 ae
266 2300 386 2355 totidem
399 2301 482 2356 facies
495 2307 635 2372 pontoque
647 2305 775 2357 seruntur

95 2383 172 2450 [Quot
182 2389 259 2456 prins
272 2393 384 2443 aeratae
397 2393 531 2444 steterant
544 2389 579 2442 ad
593 2389 677 2444 litora
689 2393 808 2460 prorae].

124 2471 285 2545 Obstipuere
300 2475 401 2529 animis
413 2475 524 2544 Rutuli;
546 2479 714 2533 conterritus
726 2479 785 2547 ipse

94 2556 209 2616 Turbatis
220 2562 367 2631 Messapus
380 2564 472 2632 equis;
493 2571 639 2620 cunctatur
654 2573 682 2620 et
695 2569 784 2620 amnis

93 2643 177 2703 Rauca
188 2667 290 2705 sonans
304 2655 473 2720 revocatque
485 2651 584 2720 pedem
598 2653 744 2708 Tiberinus
757 2654 791 2708 ab
804 2654 870 2710 alto.

94 2733 128 2787 at
137 2753 190 2791 non
203 2739 302 2793 audaci
318 2737 411 2791 Turno
423 2737 526 2794 fiducia
540 2741 638 2806 cessit;

94 2819 165 2877 Ultro
178 2826 283 2880 animos
296 2825 374 2878 tollit
385 2825 474 2894 dietis,
491 2832 574 2897 atque
587 2829 713 2897 increpat
727 2830 815 2885 ultro:

95 2909 109 2936 ‘⁸
117 2909 241 2967 Troianos
253 2914 324 2967 haec
336 2917 462 2967 monstra
473 2919 580 2983 petunt,
594 2915 638 2970 his
650 2914 774 2985 luppiter
786 2917 845 2986 ipse

95 2995 224 3053 Auxilium
238 3001 353 3054 solitum
366 3001 483 3069 eripuit;
505 3017 562 3055 uon
574 3002 630 3056 tela
642 3019 730 3072 neque
742 3005 813 3072 ignis

93 3081 251 3154 Exspectant
263 3088 394 3142 Rutulos.
432 3087 508 3156 Ergo
520 3090 607 3143 maria
620 3089 696 3143 invia
708 3090 827 3160 Teucris,

94 3169 144 3226 Nec
156 3191 215 3243 spes
227 3177 284 3231 ulla
295 3176 399 3245 fugae,
420 3191 513 3228 rerum
526 3192 589 3244 pers
602 3176 691 3231 altera
703 3177 833 3247 adempta
845 3183 904 3246 est3

94 3255 168 3315 Terra
179 3269 269 3318 auteur
284 3263 314 3316 in
326 3263 431 3316 nostris
443 3263 587 3317 manibus:
608 3269 652 3317 tot
664 3264 746 3332 milia,
762 3271 858 3332 gentes

94 3346 171 3403 Arma
182 3350 277 3405 ferunt
290 3350 389 3418 italae.
427 3348 475 3402 Nil
488 3367 532 3403 me
544 3350 639 3404 fatalia
652 3356 766 3420 terrent,

94 3431 119 3486 Si
130 3453 179 3506 qua
188 3439 318 3508 Phryges
330 3455 398 3507 prae
411 3454 441 3491 se
453 3439 564 3503 iactant,
580 3455 711 3507 responsa
724 3439 855 3494 deorum:

93 3519 136 3575 Sat
146 3525 208 3580 fatis
220 3526 385 3595 Venerique
398 3525 501 3594 datum,
517 3527 634 3594 tetigere
648 3526 722 3595 quod
735 3544 801 3582 arva

214 3620 235 3658 Ν
376 3619 411 3670 19
