2656 3940
385 223 522 273 VERGILI
545 223 709 273 auumuos
731 224 802 274 Vlll.

92 383 231 454 Dardanus,
246 386 346 441 Iliacae
359 386 463 454 primus
475 393 556 456 pater
568 386 644 439 urbis
657 390 685 440 et
697 391 801 455 auctor,

91 471 197 541 Electra,
213 480 242 528 11
254 459 319 527 Grai
334 473 489 542 perhibent,
505 472 650 526 Atlantide
663 477 762 538 cretus,

91 559 237 614 Advehitur
249 560 385 628 Teucros;
406 560 544 614 Electram
558 559 694 614 maximus
707 559 789 614 Atlas

91 645 181 716 Edidit,
196 649 335 703 aetherios
348 665 443 702 umero
457 649 501 717 qni
517 649 633 702 sustinet
646 648 729 702 orbis.

91 737 171 792 Vobis
183 738 334 792 Mercurius
347 745 426 808 pater
438 745 487 806 est,
503 756 585 808 quem
598 739 715 793 candida
728 739 802 794 Maia

91 824 210 891 Cyllenae
223 825 316 895 gelido
330 833 494 895 conceptum
509 828 610 880 vertice
624 827 713 894 fudit,

90 910 124 964 At
135 911 240 980 Maiam,
257 913 358 967 auditis
370 913 393 966 si
407 915 550 982 quicquam
566 913 710 982 credimus,
727 914 815 981 Atlas,

89 997 157 1052 ldem
170 1000 249 1054 Atlas
263 1007 385 1068 generat,
401 1001 468 1055 caeli
482 1002 527 1070 qui
542 1001 633 1055 sidera
644 1002 727 1056 tollit.

90 1085 128 1140 Sic
140 1103 223 1156 genus
235 1089 381 1142 amborum
395 1088 495 1142 scindit
508 1105 537 1141 se
550 1090 681 1157 sanguiue
694 1089 728 1142 ab
741 1105 803 1143 une.
823 1127 828 1135 -

89 1173 133 1228 llis
144 1175 226 1229 fretus
239 1193 298 1229 non
310 1175 414 1244 legatos
426 1192 515 1245 neque
530 1177 621 1244 prima
632 1193 681 1245 per
694 1181 781 1230 artem

90 1260 288 1331 Temptamenta
300 1263 341 1317 tui
356 1264 464 1332 pepigi;
484 1281 536 1332 me,
551 1281 595 1318 me
607 1264 666 1334 ipse
678 1280 824 1333 meumque

90 1349 174 1404 Obieci
187 1356 271 1419 caput
284 1356 313 1404 et
325 1351 440 1420 supplex
454 1351 489 1405 ad
501 1351 597 1406 limina
609 1351 680 1406 veni.

90 1435 156 1490 (leus
167 1439 272 1505 eadem,
288 1455 357 1507 qnae
370 1445 405 1507 te,
423 1439 527 1492 crudeli
539 1439 649 1493 Daunia
662 1439 735 1493 bello

90 1522 250 1594 Insequitur;
272 1542 325 1579 nos
338 1526 360 1578 si
373 1525 485 1594 pellant,
500 1527 569 1580 nihil
583 1527 659 1580 afore
672 1528 796 1592 credunt,

90 1610 154 1676 Quin
166 1631 276 1669 omnem
291 1615 454 1683 Hesperiam
468 1614 579 1682 penitus
592 1631 640 1668 sua
653 1616 703 1668 sub
716 1616 779 1683 iuga
793 1616 913 1684 mittant,

89 1696 120 1752 llt
130 1717 208 1768 mare,
223 1702 299 1770 quod
312 1719 401 1770 supra,
416 1707 537 1769 teneant,
554 1702 679 1771 quodque
693 1702 780 1756 adluit
793 1702 874 1756 infra.

89 1784 182 1856 Accipe
195 1790 284 1858 daque
297 1787 388 1842 fidem.
427 1788 497 1842 Sunt
510 1789 590 1842 uobis
602 1789 689 1842 fortia
701 1789 774 1842 bello

90 1871 201 1942 Pectora,
217 1882 283 1930 sunt
300 1876 384 1929 animi
398 1881 426 1929 et
438 1876 520 1929 rebus
535 1882 658 1944 spectata
669 1875 826 1929 iuventus.”

90 1959 194 2017 Dixerat
207 1964 328 2018 Aeneas.
367 1962 417 2016 llle
431 1979 462 2016 os
474 1964 619 2032 oculosque
631 1963 769 2032 loquentis

89 2047 238 2106 Iamdudum
253 2061 282 2107 et
295 2059 385 2106 totum
398 2053 533 2107 lustrabat
545 2052 647 2106 lumine
661 2069 767 2120 corpus.

90 2135 149 2192 Tum
161 2141 198 2194 sic
210 2158 301 2210 pauca
314 2142 415 2195 refert:
439 2140 503 2194 “Ut
516 2146 552 2207 te,
565 2139 715 2193 fortissime
728 2137 873 2209 Teucrum,

91 2225 192 2297 Accipio
204 2245 380 2298 agnoscoque
392 2228 496 2282 libens!
517 2233 549 2281 ut
561 2228 647 2282 verba
660 2229 780 2296 parentis

90 2310 120 2365 Et
130 2332 220 2370 vocem
236 2316 375 2370 Anchisae
389 2316 480 2386 magni
493 2317 653 2384 voltumque
667 2315 813 2369 recordor!

90 2396 153 2454 Nam
164 2405 276 2459 memini
292 2405 431 2459 Hesionae
445 2405 578 2458 visentem
592 2420 678 2472 regua
687 2403 789 2457 sororis

90 2483 328 2546 Laomedontiaden
342 2492 489 2558 Priamum,
505 2491 645 2546 Salamina
658 2497 806 2560 petentem,

92 2571 210 2632 Protims
222 2579 363 2634 Arcadiae
377 2579 482 2648 gelidos
493 2580 613 2633 invisere
625 2579 696 2633 finis.

90 2660 150 2716 Tum
161 2666 227 2719 mihi
239 2667 332 2736 prima
345 2684 430 2736 genas
443 2668 561 2721 vestibat
574 2667 640 2720 flore
653 2667 781 2733 iuventa3

90 2746 249 2822 Mirabarque
262 2754 348 2807 duces
360 2754 486 2822 Teucros,
501 2755 621 2808 mirabar
632 2759 659 2807 et
672 2754 760 2822 ipsum

90 2832 345 2907 Laomedontiaden3
368 2841 415 2894 sed
429 2843 536 2896 cunctis
549 2842 631 2895 altior
643 2842 701 2894 ibat

90 2923 219 2981 Anchises.
258 2928 328 2981 Mihi
341 2946 419 2982 meus
431 2929 550 2983 iuvenali
565 2929 678 2983 ardebat
691 2945 783 2982 amore

91 3007 251 3082 (lompellare
267 3017 365 3082 virum,
382 3023 409 3070 11
422 3017 534 3071 dextrae
549 3017 716 3086 coniungere
730 3015 871 3083 dextram3

90 3097 198 3170 Accessi,
213 3108 240 3156 et
253 3104 371 3171 cupidus
383 3104 487 3158 Phenei
501 3105 551 3158 sub
565 3104 672 3158 moenia
684 3104 759 3156 duxi.

91 3180 132 3238 Ille
143 3189 206 3242 mihi
219 3191 356 3259 insignem
371 3191 529 3260 pharetram
544 3191 695 3260 Lyciasque
708 3191 822 3258 sagittas

91 3268 227 3330 Discedens
240 3278 468 3346 chlamydemque
482 3295 548 3332 auro
561 3278 637 3331 dedit
650 3279 838 3343 intertextam,

91 3354 218 3432 Frenaque
229 3364 305 3426 bina,
320 3381 396 3418 meus
409 3382 477 3434 quae
491 3382 565 3418 nune
577 3365 669 3433 habet,
684 3382 774 3433 aurea,
789 3364 889 3419 Pallas.

91 3443 155 3514 Ergo
166 3457 199 3518 11,
215 3469 297 3520 quam
312 3451 414 3520 petitis,
429 3453 523 3506 iuncta
536 3459 578 3506 est
590 3453 658 3505 mihi
672 3452 781 3505 loedere
794 3453 900 3519 dextra,

91 3529 128 3600 Et,
141 3535 183 3588 lux
196 3556 256 3591 cum
272 3539 392 3606 primum
405 3541 486 3592 terris
499 3557 528 3593 se
541 3539 662 3594 crastina
675 3539 779 3605 reddet,
