2734 3936
505 237 643 288 veneral
666 235 856 286 eucnemon
880 236 911 285 ll.

202 403 240 457 Ut
252 419 360 472 gemma
373 402 450 456 bibat
462 406 490 454 et
503 400 622 454 Sarrano
636 399 755 453 dormiat
768 404 859 465 ostro;

201 489 303 543 (londit
315 505 381 557 opes
394 487 469 555 alius,
484 487 647 554 defossoque
660 487 774 539 incubat
787 502 870 552 aur03

201 577 253 630 Hic
267 582 359 644 stupet
372 575 507 629 attonitus
521 573 642 641 Rostris3
663 574 738 626 hunc
751 573 863 641 plausus
875 573 1006 643 hiantem,

200 664 253 716 Per
266 679 368 716 cuneos
382 662 535 730 geminatus
549 662 630 729 enim,
646 661 787 730 plebisque
800 666 965 730 patrumque

201 751 357 818 Oorripuit3
378 749 499 817 gaudent
512 749 615 817 perfusi
629 749 761 816 sanguiue
773 747 898 816 fratrum,

199 837 358 906 Exsilioque
371 837 469 889 domos
481 844 509 889 et
522 836 613 888 dulcia
625 835 721 889 limina
732 840 849 903 mutant,

199 925 292 993 Atque
306 925 359 978 alio
372 924 489 992 patriam
503 928 639 991 quaerunt
653 922 703 975 sub
717 923 774 976 sole
786 923 930 976 iacentem.

199 1013 331 1082 Agricola
342 998 458 1065 incurvo
471 1021 573 1064 terram
587 1011 705 1063 dimovit
718 1019 825 1064 aratro:

199 1101 272 1154 Hinc
286 1101 351 1154 anni
363 1100 449 1166 labor,
463 1098 529 1152 hinc
541 1099 660 1167 patriam
674 1113 828 1165 parvosque
841 1095 956 1151 Penatis

199 1187 330 1256 Sustinet,
346 1187 410 1241 hinc
423 1193 549 1241 armenta
561 1186 645 1238 boum
659 1185 826 1252 meritosque
838 1185 978 1238 iuvencos.

199 1275 259 1329 Nec
271 1277 387 1344 requieS,
403 1276 466 1344 quin
480 1280 528 1328 aut
540 1274 630 1342 pomis
643 1271 775 1325 exuberet
788 1287 882 1338 annus,

199 1364 258 1416 Aut
270 1365 328 1417 fetu
340 1379 479 1431 pecorum,
494 1367 541 1414 aut
555 1359 676 1414 Cerealis
688 1358 804 1426 mergite
817 1358 909 1425 culmi,

198 1450 395 1519 Proventuque
407 1455 504 1503 oneret
516 1449 606 1502 sulcos
618 1454 698 1516 atque
711 1446 812 1498 horrea
825 1446 926 1499 vincat.

199 1538 286 1591 Venit
298 1537 399 1590 hiems:
420 1539 520 1590 teritur
533 1535 662 1602 Sicyonia
674 1535 743 1587 baca
754 1533 877 1600 trapetis,

200 1625 307 1678 Glande
320 1641 381 1677 sues
392 1624 458 1677 laeti
472 1624 596 1689 redeunt,
612 1623 679 1676 dant
693 1622 791 1674 arbuta
803 1619 902 1686 silvae3

199 1711 235 1764 Et
247 1712 338 1765 varios
350 1711 428 1780 ponit
441 1711 513 1764 fetus
526 1717 680 1776 autumnus,
695 1713 723 1761 et
735 1707 789 1760 alte

199 1797 275 1852 Mitis
287 1799 317 1850 in
330 1799 430 1866 apricis
442 1797 570 1866 coquitur
583 1797 722 1850 vindemia
734 1798 813 1850 saxis.

198 1884 309 1939 interca
321 1885 414 1938 dulces
426 1885 547 1952 pendent
560 1885 662 1937 circum
676 1883 768 1938 oscula
780 1887 846 1951 nati,

200 1973 282 2027 Casta
294 1973 455 2042 pudicitiam
468 1977 560 2025 servat
572 1971 678 2039 domus,
692 1973 778 2025 ubera
789 1987 890 2025 vaceae

199 2060 300 2114 Lactea
312 2060 470 2125 demittunt,
485 2059 655 2126 pinguesque
667 2059 696 2111 in
708 2059 832 2126 gramine
845 2059 918 2112 laeto

199 2148 275 2201 inter
288 2164 316 2201 se
329 2147 451 2201 adversis
463 2146 603 2200 luctantur
615 2145 745 2200 cornibus
757 2146 845 2200 haedi.

199 2236 261 2304 Ipse
275 2236 332 2288 dies
345 2235 431 2302 agitat
442 2235 537 2301 festos,
553 2235 681 2304 fususque
694 2252 744 2304 per
756 2236 880 2304 herbam,

199 2323 272 2392 Ignis
285 2323 332 2376 ubi
344 2323 373 2375 in
385 2321 476 2375 medio
489 2327 518 2374 et
530 2323 597 2376 socii
611 2329 717 2377 cratera
729 2331 872 2389 coronant,

199 2411 244 2477 Te,
259 2411 353 2475 libans,
368 2409 482 2476 Lenaee,
497 2415 586 2475 vocat,
600 2411 762 2478 pecorisque
774 2410 912 2480 magistris

198 2497 310 2551 Velocis
323 2495 403 2550 iaculi
418 2497 568 2550 certamina
580 2498 659 2565 ponit
670 2498 698 2550 in
713 2498 795 2566 ulmo,

199 2583 374 2652 Oorporaque
388 2582 488 2650 agresti
502 2583 607 2637 nudant
618 2585 754 2652 praedura
766 2585 927 2654 palaestrae.

199 2667 278 2724 Hane
291 2670 356 2723 olim
370 2676 478 2723 veteres
490 2671 577 2724 vitam
589 2671 697 2726 coluere
711 2671 812 2740 Sabini,

199 2758 278 2810 Hanc
290 2757 393 2810 Remus
406 2762 434 2809 et
446 2757 546 2824 frater3
568 2758 606 2812 sic
619 2759 701 2812 fortis
714 2758 828 2812 Etruria
839 2759 928 2825 erevit

199 2844 317 2914 Scilicet,
329 2849 356 2897 et
363 2860 454 2896 rerum
467 2843 541 2898 faeta
553 2850 595 2899 est
608 2845 794 2914 pulcherrima
806 2846 903 2912 Roma,

195 2931 364 3004 ,Septemque
376 2947 432 2984 una
444 2931 496 2984 sibi
508 2949 588 2986 muro
601 2933 783 2987 circumdedit
796 2950 880 2988 arces.

199 3021 274 3072 Ante
287 3019 371 3072 etiam
384 3025 521 3077 sceptrum
536 3019 643 3073 Dictaei
657 3021 735 3088 regis,
748 3028 776 3074 et
789 3026 853 3074 ante

198 3105 287 3174 Impia
300 3123 381 3175 quam
394 3106 479 3159 caesis
491 3123 559 3172 gens
572 3111 614 3159 est
627 3107 738 3175 epulata
749 3109 880 3173 iuvencis,

200 3193 307 3245 Aureus
319 3193 391 3246 hanc
405 3193 489 3246 vitam
503 3193 626 3246 interris
641 3193 775 3248 Saturnus
788 3195 902 3264 agebat;

199 3279 324 3332 Necdum
338 3281 417 3333 etiam
433 3279 575 3332 audierant
588 3280 677 3334 inflari
691 3281 811 3348 classica,
826 3281 943 3335 necdum

198 3366 345 3434 impositos
358 3367 433 3418 duris
446 3367 581 3422 crepitare
594 3367 740 3421 incudibus
752 3386 836 3422 enses.

235 3454 288 3506 Sed
302 3467 351 3506 nos
364 3455 528 3505 immensum
541 3455 636 3521 spatiis
649 3455 818 3509 confecimus
831 3472 941 3524 aequor,

200 3541 302 3594 Etiam
315 3546 424 3607 ternpus
437 3557 537 3592 eutium
549 3541 687 3595 fumantia
699 3543 805 3596 solvere
818 3542 896 3596 colla.
