2706 3938
313 279 320 288 ·
340 281 345 288 ·
448 249 586 302 vnaettt
609 251 774 300 AENEIDOS
796 251 828 301 V.

126 411 198 466 Bina
209 413 295 466 bourn
310 412 388 465 vobis
402 411 484 466 Troia
495 419 644 480 generatus
657 412 771 466 Acestes

125 499 181 552 Dat
194 515 312 552 numero
325 499 416 568 capita
428 501 457 552 in
470 499 563 565 navis;
585 500 715 554 adhibete
728 501 842 554 Penatis

124 586 162 640 Et
173 587 281 655 patrios
292 587 381 655 epulis
393 593 421 640 et
434 603 503 655 quos
515 587 581 640 colit
593 588 694 656 hospes
706 589 830 642 Acestes.

125 676 283 742 Praeterea,
298 675 322 729 si
331 692 406 728 nona
417 674 490 728 diem
506 676 668 728 mortalibus
681 675 783 729 almum

126 762 236 817 Aurora
249 763 381 816 extulerit
394 762 531 831 radiisque
546 763 678 816 retexerit
691 764 795 830 orbem,

124 849 218 904 Prima
231 850 304 903 citae
318 849 429 904 Teucris
442 865 542 918 ponam
558 851 710 904 certamina
723 851 833 916 classis3

124 937 234 1006 Quique
247 937 349 1005 pedum
362 953 443 989 cursu
456 937 536 1005 valet,
551 944 580 990 et
593 939 639 1007 qui
652 939 756 992 viribus
768 939 857 992 audax

123 1027 185 1078 Aut
196 1023 288 1078 iaculo
299 1023 406 1077 incedit
418 1024 516 1076 melior
529 1024 692 1093 levibusque
704 1025 819 1093 sagittis,

124 1113 179 1166 Seu
192 1110 280 1165 crudo
293 1111 354 1164 fidit
367 1127 487 1179 pugnam
501 1112 675 1165 committere
688 1119 789 1180 caestu,

124 1199 226 1254 Cuncti
239 1197 339 1262 adsint,
355 1199 523 1269 meritaeque
538 1207 698 1270 exspectent
711 1202 834 1270 praemia
846 1200 962 1268 palmae.

125 1286 181 1340 Ore
194 1287 290 1340 favete
303 1303 406 1355 omnes,
421 1294 449 1340 et
462 1289 565 1356 cingite
578 1296 703 1359 tempora
715 1289 825 1342 ramis.'''

160 1373 206 1427 Sic
219 1373 294 1426 fatus
307 1374 381 1426 velat
393 1379 519 1429 matema
531 1381 657 1444 tempora
670 1382 771 1442 myrto.

124 1461 187 1514 Hoc
200 1460 337 1527 Helymus
349 1460 423 1529 facit,
437 1461 492 1515 hoo
505 1463 565 1516 aevi
577 1471 702 1518 maturus
715 1467 837 1530 Acestes,

125 1548 186 1602 Hoc
199 1565 270 1618 puer
283 1550 426 1618 Ascanius,
441 1551 565 1620 sequitur
578 1569 646 1620 quos
658 1557 750 1604 cetera
762 1551 856 1618 pubes.

124 1636 174 1690 Ille
187 1653 204 1690 e
217 1636 335 1690 concilio
348 1637 441 1691 multis
454 1653 516 1692 eum
530 1639 642 1692 milibus
654 1639 714 1692 ibat

126 1723 169 1776 Ad
184 1722 332 1791 tumulum,
347 1741 447 1792 magna
460 1725 565 1778 medius
578 1727 729 1779 comitante
742 1729 860 1779 caterva

125 1812 179 1865 Hic
192 1812 250 1865 duo
263 1812 317 1865 rite
329 1828 406 1866 mero
418 1813 506 1867 libans
520 1814 661 1868 carchesia
673 1813 783 1867 Baccho

124 1901 230 1956 Fundit
243 1902 329 1972 humi,
344 1903 399 1957 duo
410 1903 481 1958 laete
494 1920 575 1971 novo,
590 1903 645 1956 duo
659 1902 791 1969 sanguine
804 1916 890 1967 sucro,

123 1988 340 2060 Purpureosque
353 1991 419 2045 iacit
432 1990 521 2057 flores,
536 2008 568 2045 ac
580 1991 648 2044 talia
660 1991 750 2042 fatur:

125 2077 142 2104 “
152 2076 243 2143 Salve,
259 2083 354 2132 sancte
367 2095 483 2147 parens3
503 2079 603 2131 iterum
616 2077 728 2142 salvete,
743 2076 848 2144 recepti

124 2164 303 2235 Nequiquam
317 2167 430 2226 cineres,
446 2167 607 2234 animaeque
617 2165 785 2231 umbraeque
797 2169 935 2231 paternae.

124 2253 190 2309 Non
203 2255 285 2310 licuit
297 2255 359 2308 finis
371 2253 457 2308 Italos
469 2252 618 2321 fataliaque
631 2267 705 2316 arva,

123 2341 183 2398 Nec
196 2351 291 2399 tecum
305 2344 468 2411 Ausonium,
486 2342 650 2412 quicumque
664 2345 713 2407 est,
729 2353 860 2407 quaerere
873 2335 1036 2403 Thybrim.”

123 2430 244 2487 Dixerat
256 2433 333 2500 haec,
348 2433 438 2500 adytis
452 2447 514 2485 cum
527 2430 649 2483 lubricus
662 2428 758 2495 anguis
771 2426 804 2480 ab
818 2425 879 2478 imis

124 2520 239 2590 Septem
253 2521 351 2589 ingens
364 2537 453 2590 gyros,
470 2525 584 2588 septena
597 2516 737 2570 volumina
747 2514 840 2578 traxit,

124 2607 281 2677 Amplexus
294 2608 401 2676 placide
413 2607 551 2661 tumulum
566 2605 711 2673 lapsusque
724 2618 773 2669 per
785 2617 853 2668 oras,

124 2695 277 2750 Caeruleos
290 2697 333 2749 cui
347 2703 425 2764 terga
437 2703 520 2749 notae
533 2693 690 2748 maculosus
703 2697 731 2744 et
744 2706 812 2743 auro

124 2782 274 2851 Squamam
288 2783 453 2837 incendebat
465 2783 565 2850 fulgor,
581 2797 631 2834 ceu
645 2779 764 2833 nubibus
777 2793 856 2830 arcus

124 2868 200 2925 Mille
212 2871 280 2924 iacit
293 2871 383 2925 varios
396 2871 512 2924 adverso
524 2869 581 2923 sole
594 2867 707 2922 colores.

125 2957 269 3028 Obstipuit
282 2959 341 3011 visu
356 2963 474 3012 Aeneas,
512 2956 562 3010 Ille
575 2955 684 3024 agmine
695 2954 778 3020 longo

124 3045 247 3100 Tandem
261 3048 336 3099 inter
348 3051 459 3114 pateras
472 3050 500 3098 et
512 3044 584 3098 levia
596 3041 696 3111 pocula
709 3057 820 3109 serpens

125 3131 289 3202 Libavitque
302 3133 394 3202 dapes,
410 3147 558 3200 rursusque
571 3129 701 3183 innoxius
712 3129 769 3181 imo

125 3219 263 3276 Successit
275 3221 392 3287 tumulo,
408 3226 437 3274 et
449 3219 563 3288 depasta
576 3217 675 3271 altaria
687 3216 775 3285 liquit.

126 3308 187 3363 lloc
200 3311 287 3378 magis
300 3310 428 3377 inceptos
439 3306 560 3374 genitori
572 3306 711 3358 instaurat
724 3303 853 3369 honores,

126 3395 258 3463 incertus,
274 3397 432 3451 Geniumne
445 3393 498 3447 loci
511 3391 683 3446 famulumne
695 3390 818 3458 parentis

125 3481 192 3538 Esse
204 3491 300 3554 putet,
321 3483 415 3539 caedit
428 3481 507 3534 binas
519 3480 553 3533 de
566 3495 644 3532 more
657 3477 786 3542 bidentis,

125 3568 228 3642 Totque
241 3591 311 3640 sues,
326 3569 452 3627 totidem
463 3568 599 3636 nigrantis
612 3578 689 3634 terga
701 3567 848 3629 iuvencos3
