2706 3938
518 239 656 289 vnaelni
678 241 844 291 AENEIDOS
866 242 910 292 VI.

208 399 309 453 Saxum
322 401 419 469 ingens
433 401 548 454 volvunt
561 400 614 468 alii,
628 401 766 470 radiisque
779 409 901 457 rotarum

207 487 334 541 Districti
346 488 480 556 pendent,
502 488 586 554 sedet,
602 496 799 558 aeternumque
811 490 924 559 sedebit,

207 575 307 627 Infelix
320 575 454 640 Theseus3
475 574 667 644 Phlegyasque
680 578 848 630 miserrimus
861 579 950 632 omnis

208 662 349 716 Admonet
362 667 390 715 et
403 679 503 731 magna
515 668 633 716 testatur
646 680 714 717 voce
726 681 776 732 per
789 665 914 720 umbras:

209 747 339 802 “Discite
352 749 483 803 iustitiam
504 750 610 818 moniti,
626 756 653 802 et
666 767 721 804 non
736 761 859 805 temnere
872 753 980 808 divos.''

209 829 343 884 Vendidit
355 829 400 883 hic
415 847 482 884 auro
494 831 618 899 patriam,
634 831 831 901 dominumque
843 840 986 902 potentem

208 918 358 986 imposuit;
380 917 441 969 fixit
452 917 527 987 leges
540 920 630 987 pretio
644 925 726 988 atque
739 920 845 987 refixit3

183 1006 185 1011 ’
207 1007 261 1060 Hic
273 1005 424 1059 thalamum
438 1006 539 1060 invasit
551 1013 633 1062 natae
648 1013 801 1081 vetitosque
814 1013 996 1078 hymenaeos3

209 1094 278 1148 Ausi
292 1108 386 1146 omnes
398 1092 518 1146 immane
530 1095 613 1161 nefas,
631 1113 753 1166 ausoque
767 1098 855 1166 potiti.

209 1181 280 1247 Non,
297 1179 364 1232 mihi
377 1180 400 1232 si
412 1179 522 1249 linguae
538 1190 648 1238 eentum
664 1186 719 1239 sint
732 1204 833 1256 oraque
846 1192 966 1252 eentum,

208 1271 310 1324 Ferrea
323 1286 384 1337 vox,
400 1271 489 1323 omnis
502 1272 634 1327 scelerum
651 1276 850 1344 comprendere
869 1277 979 1340 l'ormas,

209 1358 310 1412 Omnia
322 1374 474 1426 poenarum
488 1377 649 1428 percurrere
663 1364 776 1416 nomina
788 1363 920 1431 possim.’'

179 1438 183 1448 ’
245 1447 320 1500 Haec
334 1445 379 1498 ubi
393 1445 468 1500 dicta
480 1447 557 1502 dedit
569 1450 676 1504 Phoebi
690 1451 823 1518 longaeva
836 1451 979 1504 sacerdos:

211 1535 290 1588 “Sed
302 1535 357 1587 iam
371 1552 429 1603 age,
445 1554 526 1605 carpe
540 1538 612 1591 viam
627 1544 655 1591 et
668 1544 824 1606 susceptum
840 1538 939 1605 perfice
953 1553 1069 1604 munne3

211 1623 406 1677 Acceleremus
417 1625 433 1651 '’
447 1625 499 1679 ait:
523 1630 539 1654 “
548 1626 699 1694 Cyclopum
714 1626 813 1678 educta
826 1626 940 1678 caminis

208 1710 319 1764 Moenia
331 1711 471 1779 conspicio
484 1719 565 1781 atque
578 1713 693 1767 adverso
706 1714 819 1766 fornice
828 1719 929 1780 portas,

209 1797 285 1850 Haec
298 1796 345 1851 ubi
358 1814 409 1850 nos
422 1805 570 1867 praecepta
583 1800 680 1852 iubent
694 1800 832 1867 deponere
846 1797 947 1850 dona.”

209 1885 332 1952 Dixerat,
348 1891 377 1938 et
390 1887 499 1954 pariter,
514 1889 599 1955 gressi
614 1903 762 1954 peropaca
777 1887 891 1942 viarum.

210 1973 370 2042 Corripinnt
383 1974 501 2041 spatium
514 1973 642 2042 medium,
659 1974 820 2042 foribusque
833 1974 1028 2041 propinquant.

210 2060 335 2128 Occupat
349 2061 458 2114 Aeneas
470 2061 582 2128 aditum,
599 2077 752 2129 corpusque
764 2061 869 2113 recenti

210 2150 321 2220 Spargit
334 2168 412 2220 aqua,
427 2167 588 2218 ramumque
603 2148 718 2202 adverso
730 2149 759 2200 in
772 2147 866 2200 limine
879 2147 947 2214 figit.

246 2238 297 2292 His
310 2239 420 2292 demum
434 2237 544 2304 exactis,
560 2237 685 2305 perfecto
697 2251 810 2288 munere
824 2234 911 2300 divae,

209 2326 354 2381 Devenere
368 2326 441 2378 locos
453 2325 542 2379 laetos
556 2332 585 2378 et
597 2340 712 2378 amoena
726 2324 830 2377 virecta

210 2414 425 2468 Fortunatorum
439 2429 585 2466 nemorum
599 2412 730 2480 sedesque
743 2411 845 2464 beatas.

211 2503 326 2572 Largior
337 2507 383 2560 hic
396 2522 508 2574 campos
521 2503 616 2558 aether
631 2506 658 2552 et
671 2499 775 2552 lumine
788 2499 872 2552 vestit

211 2591 362 2662 Purpureo,
379 2595 519 2663 solemque
533 2605 620 2654 suum,
636 2603 685 2640 sua
698 2585 788 2640 sidera
801 2592 912 2638 norunt.

211 2680 280 2751 Pars
292 2682 321 2734 in
334 2681 480 2750 gramineis
492 2682 622 2733 exercent
637 2674 762 2728 membra
773 2672 924 2741 palaestris,
1015 2699 1017 2706 ι

212 2768 392 2822 Contendnnt
403 2769 469 2844 ludo
482 2774 510 2821 et
522 2766 598 2819 fulva
613 2762 754 2816 luctantur
765 2761 886 2825 harena3

211 2860 279 2914 Pars
293 2861 406 2928 pedibus
418 2859 553 2927 plaudunt
567 2859 681 2912 choreas
697 2855 725 2904 et
738 2849 860 2902 carmina
873 2849 977 2902 (licunt-

211 2949 339 3002 Necnon
354 2946 494 3000 Threicius
506 2944 588 3012 longa
601 2960 661 2997 cum
677 2946 755 2996 veste
769 2936 897 2992 sacerdos

212 3036 379 3105 Obloquitnr
391 3033 513 3087 numeris
526 3038 629 3100 septem
645 3029 804 3083 discrimina
817 3041 925 3089 vocum,

211 3124 323 3192 lamque
336 3121 432 3176 eadem
445 3119 545 3186 digitis,
560 3119 613 3172 iam
627 3117 736 3186 pectine
748 3115 841 3185 pulsat
853 3113 966 3167 eburno.

212 3211 266 3264 Hic
279 3228 365 3279 genus
378 3211 520 3277 antiquum
534 3206 639 3270 Teucri,
654 3203 841 3273 pulcherrima
856 3201 954 3270 proles,

212 3297 379 3364 Magnanimi
394 3296 498 3357 heroes,
514 3294 572 3346 nati
582 3291 742 3346 melioribus
755 3291 841 3354 annis,

213 3383 322 3451 llusque
336 3385 539 3449 Assaracusque
552 3388 580 3434 et
593 3379 689 3432 Troiae
704 3376 849 3430 Dardanus
861 3380 966 3429 errator.

215 3471 302 3523 Arma
314 3469 407 3538 procul
422 3483 572 3534 currusque
585 3467 674 3519 virum
688 3466 804 3518 miratur
816 3464 915 3518 inanis.

214 3555 295 3608 Stant
307 3560 381 3608 terra
394 3554 499 3607 defixae
512 3554 614 3612 hastae.
630 3553 784 3620 passimque
798 3551 880 3604 soluti
