2734 3936
559 860 743 930 P.vnne1L1
765 863 915 933 Minonis

454 1027 493 1106 G
521 1028 558 1102 Ε-
580 1027 624 1104 ,Ο
655 1030 694 1104 R
724 1029 762 1106 G
792 1031 814 1106 Ι
844 1030 877 1107 O
910 1031 946 1108 O
976 1030 1022 1108 N

533 1206 668 1267 niune
697 1208 940 1271 succubus

654 1391 821 1399 ...—

229 1496 369 1554 Hactenus
381 1516 510 1555 arvorum
525 1500 614 1556 cultus
627 1506 656 1556 et
668 1501 758 1556 sidera
770 1502 853 1557 caeli:

228 1583 309 1640 Nune
321 1592 358 1656 te,
372 1586 491 1656 Bacche,
506 1605 611 1655 canam,
625 1605 677 1642 nec
690 1605 746 1642 non
759 1589 895 1644 silvestria
905 1595 998 1646 tecum

228 1671 358 1742 Virgulta
370 1679 398 1729 et
411 1675 517 1744 prolem
529 1675 608 1729 tarde
622 1675 771 1729 crescentis
785 1676 882 1731 olivae.

228 1758 297 1828 Huc,
311 1766 391 1828 pater
403 1777 420 1815 o
432 1761 632 1816 Lenaee-tuis
644 1762 689 1816 hio
702 1763 794 1816 omnia
806 1763 889 1831 plena

228 1845 396 1916 Muneribus,
410 1848 461 1901 tibi
473 1850 622 1919 pampineo
634 1850 765 1919 gravidus
777 1855 910 1905 autumno

226 1933 320 1988 Floret
333 1951 404 2004 ager,
419 1941 529 2004 spumat
541 1937 631 2006 plenis
645 1937 783 1991 vindemia
794 1937 913 1991 labris—

227 2020 297 2089 Hne‚
311 2029 391 2091 pater
403 2038 420 2076 o
433 2022 547 2093 Lenaee,
562 2025 633 2093 veni,
650 2025 806 2094 nudataque
819 2031 911 2078 musto

226 2107 313 2177 Tinge
331 2125 405 2163 novo
417 2126 526 2164 mecum
538 2111 658 2180 dereptis
670 2129 751 2166 crura
763 2111 914 2166 cothurnis.

263 2195 402 2266 Principio
416 2196 561 2252 arboribus
576 2199 651 2254 varia
663 2205 706 2254 est
717 2205 817 2255 natura
828 2201 969 2254 creandis:

227 2285 354 2358 Namque
367 2288 444 2350 aliae,
458 2289 542 2343 nullis
554 2289 697 2344 hominum
711 2291 879 2359 cogentibus,
893 2291 969 2360 ipsae

227 2374 332 2443 Sponte
344 2391 394 2429 sua
407 2375 523 2430 veniunt
535 2393 701 2446 camposque
713 2387 741 2431 et
754 2376 867 2431 flumina
878 2377 934 2432 late

227 2461 320 2516 Curva
331 2467 436 2532 tenent,
450 2468 481 2517 ut
493 2462 576 2517 molle
589 2464 660 2528 siler,
674 2464 819 2533 lentaeque
831 2470 967 2534 genestae,

226 2547 348 2618 Populus
360 2555 388 2604 et
400 2550 497 2618 glauca
509 2552 638 2605 canentia
650 2551 748 2605 fronde
761 2551 856 2606 salicta
866 2571 873 2617 ;

226 2635 294 2691 Pars
306 2643 399 2692 autem
412 2639 503 2706 posito
515 2647 631 2708 snrgunt
645 2638 678 2692 de
692 2639 803 2707 semine,
818 2627 933 2694 utaltae

227 2724 386 2794 Castaneae‚
400 2741 599 2794 nemorumque
613 2726 674 2780 Iovi
687 2743 757 2795 quae
770 2728 890 2782 maxima
902 2726 1017 2781 frondet

226 2811 368 2879 Aesculus,
383 2817 464 2881 atque
478 2811 589 2866 habitae
603 2812 684 2866 Grais
697 2815 943 2883 oracula-quercus.

226 2896 347 2952 Pullulat
359 2899 393 2953 ab
407 2898 498 2952 radice
511 2899 571 2952 aliis
584 2899 746 2954 densissima
758 2901 834 2968 silva,

226 2983 264 3039 Ut
277 2986 376 3040 cerasis
388 2986 540 3054 ulmisque;
562 2987 646 3040 etiam
660 2987 793 3041 Parnasia
805 2988 900 3042 laurus

225 3070 315 3126 Parve
328 3074 377 3126 sub
390 3072 495 3141 ingenti
507 3075 604 3127 matris
618 3090 646 3127 se
660 3074 761 3128 subicit
774 3076 879 3130 umbre.

226 3157 284 3211 llos
298 3164 395 3214 natura
408 3158 504 3213 modos
516 3160 635 3229 primurn
650 3160 744 3229 dedit;
765 3161 808 3215 his
821 3179 906 3230 genus
919 3180 1000 3218 omne

225 3244 361 3299 Silvarum
375 3247 560 3316 fruticumque
576 3247 645 3301 viret
660 3264 860 3317 nemorumque
873 3267 1023 3306 sacrorum.

260 3331 330 3385 Sunt
342 3332 396 3400 alii,
411 3350 480 3402 quos
492 3333 551 3402 ipse
565 3334 608 3387 via
621 3335 673 3388 sibi
686 3336 810 3404 repperit
823 3353 895 3391 usne.

224 3416 278 3471 Hic
291 3418 399 3486 plantas
410 3424 508 3472 tenero
522 3420 685 3474 abscindens
698 3421 732 3475 de
745 3439 862 3491 corpore
874 3429 995 3478 matrum

224 3502 359 3572 Deposuit
372 3504 469 3573 snlcis3
490 3505 536 3558 hic
549 3506 649 3574 stirpes
662 3507 755 3560 obruit
768 3525 842 3579 urvo,
