2734 3936
459 216 598 267 Vultum
621 216 749 266 scheda
773 215 817 266 1v.

519 409 671 464 ECLOGA
699 409 751 466 IV.

572 536 701 584 POLLIO.

125 647 255 702 Sicelides
268 647 371 714 Musae,
385 645 469 714 paulo
481 644 587 698 maiora
600 646 744 698 canamusl

124 735 190 788 Non
203 735 293 788 omnis
306 735 421 788 arbusta
432 734 529 785 iuvant
541 731 711 800 humilesque
724 731 862 799 myricam

120 821 153 874 si
166 821 290 874 canimus
302 820 395 887 silvas,
409 819 493 872 silvae
505 818 561 872 sint
574 817 694 872 (lonsule
707 817 814 885 dignae.

160 905 266 964 Ultima
278 904 393 958 Oumaei
407 905 482 958 venit
493 905 549 958 iam
562 903 692 957 carminis
704 910 797 971 aetus3
812 973 813 978 ἵ

125 991 243 1058 Magnus
255 991 289 1045 ab
302 992 412 1060 integro
424 991 574 1045 saeclorum
587 991 709 1044 nasutur
720 990 798 1044 ordo.

125 1078 185 1131 Iam
198 1078 272 1132 redit
284 1082 314 1131 et
325 1077 424 1147 Virgo,
439 1077 556 1132 redeunt
569 1076 699 1131 Saturnia
709 1094 811 1146 regna;

127 1165 185 1218 Iam
198 1181 272 1218 nova
283 1166 430 1234 progenies
441 1165 517 1219 caelo
530 1164 686 1218 demittitur
699 1164 764 1218 alte.

126 1251 168 1304 Tu
179 1251 263 1305 modo
274 1252 400 1306 nascenti
412 1268 507 1320 puero,
522 1267 576 1320 quo
589 1252 681 1305 ferrea
692 1251 813 1320 primum

127 1337 241 1392 Desinet
253 1355 285 1392 ao
296 1343 359 1393 toto
371 1343 466 1408 surget
477 1355 545 1407 gens
557 1355 641 1392 aurea
651 1339 765 1407 mundo,

128 1426 211 1480 Oasta
222 1427 285 1480 fure
297 1425 420 1480 Lucina:
440 1432 505 1480 tuus
515 1426 570 1480 iam
583 1430 683 1493 regnat
696 1426 805 1494 Apollo.

128 1513 219 1582 Teque
231 1513 301 1566 adeo
313 1513 397 1567 docus
410 1513 463 1566 hoc
476 1514 545 1581 aevi,
559 1519 588 1567 te
602 1513 729 1581 Consule,
743 1513 834 1578 inibit,

127 1599 224 1667 Pollio,
239 1607 267 1653 et
278 1600 412 1669 incipient
423 1601 517 1668 magni
530 1600 679 1668 procedere
693 1616 817 1662 menses:

127 1687 166 1739 Te
178 1686 255 1754 duce,
270 1687 293 1739 si
305 1703 358 1755 qua
370 1691 485 1740 manent
496 1687 606 1741 sceleris
619 1687 734 1754 vestigia
746 1687 843 1755 nostri,

127 1772 216 1827 Inrita
227 1779 361 1842 perpetua
372 1773 481 1827 solvent
494 1773 642 1827 formidine
654 1781 751 1828 terras.

127 1859 177 1913 Ille
190 1860 273 1914 deum
285 1861 372 1914 vitam
385 1861 502 1930 accipiet
515 1861 639 1929 divisque
653 1861 761 1914 videbit

127 1946 285 2001 Permixtos
296 1947 398 2002 heroas
409 1953 438 2001 et
449 1948 508 2016 ipse
520 1947 659 2002 videbitur
671 1947 733 2016 illis,

127 2033 315 2104 Pacatumque
328 2040 406 2104 reget
418 2035 515 2103 patriis
527 2035 678 2088 virtutibus
689 2036 794 2088 orbem.

127 2121 168 2175 At
179 2122 231 2176 tibi
243 2123 341 2191 prima,
356 2139 433 2192 puer,
447 2121 524 2174 nullo
536 2121 700 2176 munuscula
712 2121 787 2175 cultu

126 2209 254 2264 Errantis
265 2210 383 2264 hederas
393 2210 495 2278 passim
508 2225 570 2262 curn
583 2209 717 2262 bacchate
730 2208 813 2262 tellus

127 2296 269 2366 Mixtaque
281 2297 385 2350 ridenti
397 2296 535 2350 colocasia
545 2295 646 2348 fundet
658 2295 786 2349 acantho.

127 2383 207 2453 lpsue
219 2383 291 2438 lacte
304 2383 418 2437 domum
430 2383 551 2437 referent
563 2383 683 2436 distenta
695 2381 815 2450 capellae

127 2471 230 2540 Ubera,
244 2488 296 2524 nec
307 2487 422 2540 magnos
435 2474 561 2524 metuent
573 2477 698 2524 armenta
710 2469 812 2525 leones.

127 2557 193 2626 Ipsa
205 2558 257 2611 tibi
269 2557 385 2611 blandos
396 2557 515 2611 fundent
528 2556 665 2611 cunabula
676 2555 766 2610 flores.

128 2645 245 2700 Occidet
257 2652 286 2698 et
298 2661 417 2713 serpeus,
432 2650 460 2698 et
472 2644 556 2699 fallax
569 2645 655 2699 herba
668 2644 766 2698 veneni

128 2733 261 2800 Occidet3
281 2733 428 2801 Assyrium
441 2733 522 2802 volgo
535 2739 666 2787 nascetur
680 2749 828 2787 amomum.

128 2824 168 2875 At
180 2820 263 2875 simul
275 2821 392 2874 heroum
403 2819 498 2874 laudes
510 2825 538 2873 et
550 2820 627 2874 facta
638 2820 762 2889 percutis

127 2908 187 2962 Iam
199 2908 292 2976 legere
305 2913 335 2962 et
346 2924 416 2976 quae
428 2907 464 2960 sit
476 2907 582 2975 poteris
593 2924 759 2976 cognoscere
772 2907 875 2960 virtus:

128 2995 205 3049 Molli
219 2993 351 3064 paulatim
364 2993 492 3049 flavescet
504 3011 617 3062 campus
629 2994 721 3058 arista,

129 3081 300 3151 Incultisque
312 3081 414 3135 rubens
426 3081 558 3150 pendebit
571 3081 695 3135 sentibus
707 3098 769 3149 uva,

128 3169 164 3222 Et
175 3171 262 3224 durae
274 3186 392 3238 quercus
404 3169 541 3223 sudabunt
552 3168 661 3222 roscida
673 3168 762 3222 mella.

129 3256 221 3311 Pauca
230 3261 326 3310 tamen
340 3255 472 3310 suberunt
484 3255 592 3325 priscae
605 3255 721 3323 vestigia
732 3254 845 3321 fraudis,

129 3343 204 3408 Quae
217 3347 355 3411 temptare
368 3341 477 3396 Thetim
490 3343 603 3409 ratibus,
618 3358 688 3410 quae
700 3342 811 3410 cingere
822 3342 909 3395 muris

129 3430 244 3499 Oppida,
260 3446 331 3498 quae
343 3429 457 3482 iubeant
468 3429 561 3483 telluri
573 3429 708 3482 infindere
721 3429 820 3482 sulcos.

128 3517 208 3571 Alter
221 3517 276 3570 erit
288 3521 350 3568 tum
363 3515 473 3584 Tiphys,
489 3521 517 3568 et
530 3515 617 3569 altera
630 3533 698 3583 quae
711 3515 796 3568 vehat
808 3514 886 3580 Argo
