2706 3938
532 203 669 254 VERGILI
692 203 856 254 Aruernos
879 203 937 252 VII.

226 366 347 434 Stirpem
360 365 507 419 admisceri
519 365 686 434 Phrygiam3
708 383 737 419 se
749 365 843 419 limine
856 365 929 434 pelli.

226 453 304 520 Tum,
320 470 436 522 quorum
449 454 584 507 attonitae
597 452 708 506 Baccho
721 470 837 507 nemora
849 454 912 507 avia
923 458 1028 506 matres

226 540 364 594 insultant
376 541 607 608 thiasis,--neque
621 541 695 593 enim
707 540 768 594 leve
777 556 879 594 nornen
893 541 1058 608 Amatae,-

226 628 354 697 Undique
367 627 474 680 collecti
488 633 596 694 coeunt,
612 627 783 696 Martemque
797 629 923 695 fatigant.

226 715 306 768 Ilicet
316 714 463 768 infandum
477 714 570 768 cuncti
584 720 681 768 eontra
695 715 788 767 omina
801 714 912 779 bellurn,

227 801 331 854 (lontra
343 802 402 854 iata
414 800 503 869 deum,
518 817 647 868 perverso
661 801 775 854 numine
788 807 915 868 poscunt.

228 887 362 941 Certatim
374 888 447 956 regis
461 888 640 942 circumstant
653 894 728 941 tecta
741 887 847 956 Latini3

226 974 277 1028 Ille
290 975 366 1028 velut
377 975 467 1043 pelagi
480 991 563 1042 rupes
575 975 692 1028 immota
706 975 855 1044 resistit,-

226 1061 265 1114 Ut
277 1061 365 1130 pelagi
378 1078 460 1129 rupes
472 1078 572 1130 magne
586 1063 715 1116 veniente
729 1063 846 1130 fragore,

227 1148 304 1213 Quae
317 1166 382 1218 sese,
397 1149 492 1203 multis
506 1149 610 1202 circum
623 1149 789 1203 latrantibus
799 1149 889 1219 undis,

225 1235 301 1290 Mole
312 1241 404 1305 tenet3
426 1237 531 1306 scopuli
543 1241 708 1307 nequiquam
724 1244 753 1291 et
766 1254 880 1306 spumea
892 1237 996 1291 circum

226 1323 299 1378 Saxa
311 1325 441 1394 fremunt,
456 1324 590 1394 laterique
603 1325 684 1380 inlisa
698 1326 855 1379 refunditur
867 1325 936 1394 alga.

226 1411 332 1465 Verum
346 1413 393 1466 ubi
405 1412 482 1466 nulla
494 1413 575 1466 datur
588 1430 699 1466 caecum
713 1429 877 1482 exsuperare
890 1418 1014 1480 potestas

227 1499 386 1566 Oonsilium,
401 1505 430 1552 et
442 1517 539 1554 saevae
551 1507 619 1554 nutu
633 1500 748 1553 lunonis
761 1505 828 1553 eunt
841 1516 891 1567 ree,

227 1586 314 1639 Multa
327 1587 393 1641 deos
407 1604 540 1656 aurasque
552 1595 632 1656 pater
646 1593 763 1640 testatus
775 1587 873 1654 inanis,

229 1677 245 1703 “
256 1674 419 1742 Frangimur
432 1675 486 1728 heu
499 1675 565 1728 fatis
576 1675 592 1702 '²
606 1675 696 1744 inquit
711 1679 726 1702 “
735 1675 905 1744 ferimurque
918 1674 1052 1743 procellal

228 1761 285 1830 lpsi
298 1761 347 1814 lras
360 1762 493 1830 sacrilego
507 1763 634 1830 pendetis
648 1763 779 1830 sanguiue
791 1778 903 1830 poenas,

228 1849 251 1902 Ο
266 1849 367 1902 miseri.
404 1849 450 1916 Te,
465 1849 563 1918 Turne,
578 1851 662 1917 nesae,
678 1860 705 1902 te
718 1851 798 1902 triste
811 1849 934 1902 manebit

149 2002 155 2012 Ι
228 1936 405 2005 Supplicium,
419 1937 547 2005 votisque
560 1938 626 1990 deos
640 1937 807 1990 venerabere
820 1937 894 1990 serie.

228 2023 253 2076 N
257 2041 300 2077 am
313 2023 380 2076 milri
393 2029 474 2092 parta
487 2025 571 2092 quies,
587 2025 730 2092 omnisque
743 2025 772 2076 in
784 2024 879 2076 limine
892 2029 1003 2092 portus;

227 2111 336 2164 Funere
348 2111 420 2164 felici
434 2111 564 2179 spolior.”
601 2110 660 2164 Nec
674 2111 753 2180 plura
765 2111 874 2164 locutus

228 2198 335 2266 Scepsit
349 2216 377 2252 se
391 2199 477 2266 tectis,
493 2198 766 2268 rerumquereliquit
779 2198 908 2252 habenae.

263 2287 324 2340 Mos
337 2292 397 2340 erat
409 2287 544 2354 Hesperio
558 2286 587 2338 in
600 2285 687 2353 Latio,
702 2303 784 2354 quem
798 2287 924 2354 protinus
937 2286 1018 2339 urbes

228 2374 352 2428 Albanae
366 2374 474 2427 coluere
487 2391 604 2441 sacrum,
618 2390 692 2427 nunc
704 2374 825 2427 maxima
836 2390 929 2427 rerum

228 2462 316 2516 Roma
328 2462 401 2526 colit,
417 2479 479 2515 eum
492 2463 584 2530 prima
596 2469 709 2515 movent
722 2462 750 2514 in
763 2461 867 2529 proelia
879 2460 1006 2529 Martem,

228 2549 292 2602 Sive
306 2549 384 2602 Getis
397 2550 499 2604 inferre
512 2567 595 2604 manu
608 2549 776 2604 lacrimabile
789 2548 891 2602 bellurn

229 2637 399 2702 Hyrcanisve
412 2636 548 2691 Arabisve
560 2643 666 2706 parant,
683 2654 730 2690 seu
742 2637 857 2690 tendere
869 2635 904 2689 ad
917 2636 1001 2688 Indos

229 2725 422 2792 Auroramque
434 2725 511 2793 sequi
524 2724 696 2793 Parthosque
710 2740 854 2792 reposcere
868 2723 959 2790 signa:

229 2811 299 2864 Sunt
311 2811 436 2880 geminae
450 2810 520 2864 Belli
532 2811 702 2879 portae—sic
715 2811 826 2864 nomine
839 2809 970 2862 dicunt-

229 2898 372 2967 Religione
385 2914 478 2952 sacrae
491 2904 519 2951 et
532 2898 604 2950 saevi
617 2897 765 2951 formidine
778 2897 892 2963 Martis;

229 2986 347 3040 (lentum
361 2985 433 3040 aerei
446 2985 578 3039 claudunt
590 2990 684 3038 vectes
696 2990 863 3053 aeternaque
876 2983 944 3036 ferri

228 3073 347 3139 Robora,
361 3089 413 3126 nec
426 3078 519 3126 custos
532 3072 639 3126 absistit
651 3071 747 3124 limine
760 3071 856 3126 Ianus:

229 3160 293 3223 Has,
309 3161 356 3214 ubi
370 3167 445 3215 certa
457 3160 534 3213 sedet
547 3159 673 3228 patribus
686 3158 823 3212 sententia
835 3174 951 3228 pugnae,

229 3247 292 3316 Ipse
305 3246 440 3312 Quirinali
453 3247 550 3300 trabea
562 3246 708 3313 cinctuque
721 3245 831 3300 Gabino

229 3333 347 3401 Insignis
359 3339 465 3387 reserat
478 3333 624 3386 stridentia
637 3331 733 3384 limina
746 3331 857 3398 consul;

230 3419 291 3488 Ipse
307 3428 387 3474 vocat
400 3437 513 3488 pugnas,
529 3421 653 3488 sequitur
666 3425 725 3472 tum
739 3425 832 3472 cetera
844 3418 940 3487 pubes,

231 3506 374 3574 Aereaque
387 3506 504 3558 adsensu
517 3506 676 3574 conspirant
689 3522 793 3559 cornua
806 3522 898 3560 rauco.
