2656 3940
481 202 621 252 vultum
643 203 808 252 musicos
830 201 860 251 X.

164 363 312 434 Murmura,
326 368 460 420 venturos
471 366 563 418 nautis
574 365 721 434 prodentia
734 370 840 418 ventos.

163 452 231 505 Tum
248 452 333 505 Pater
345 454 528 520 omnipotens,
542 468 635 505 rerum
648 453 692 506 cui
704 452 795 521 prima
807 456 937 520 potestas,

162 539 297 594 Infit-eo
310 538 420 592 dicente
433 538 514 592 deum
528 539 626 593 domus
638 539 695 593 alta
706 539 816 606 silescit,

162 626 200 680 Et
211 627 373 680 tremefacta
385 626 445 679 solo
458 626 553 693 tellus,
575 626 636 679 silet
648 625 750 679 arduus
762 626 873 689 aethan

162 714 232 767 Tum
244 713 364 781 Zephyri
376 730 499 781 posuere,
514 714 616 781 premit
628 713 735 782 placida
747 730 867 781 aequora
879 719 1016 781 pontus-

165 800 316 868 “Accipite
328 816 393 867 ergo
406 801 505 853 animis
517 805 599 869 atque
612 801 679 853 liaeo
692 816 753 853 mea
768 799 845 868 figite
858 800 939 853 dicta.

163 886 392 955 Quandoquidem
405 886 544 940 Ausonios
557 887 687 955 coniungi
699 887 813 940 foedere
826 886 937 941 Teucris

162 973 243 1028 Haud
256 974 371 1042 licitum,
384 991 436 1027 nec
449 980 541 1028 vestra
553 975 628 1044 capit
640 975 777 1028 discordia
788 975 886 1029 finem:

163 1061 240 1126 Quae
252 1062 349 1130 cuique
362 1067 405 1114 est
414 1061 530 1115 fortuna
541 1061 632 1126 hodie,
646 1078 727 1130 quam
740 1063 854 1132 quisque
866 1069 941 1116 secat
954 1079 1039 1130 spem,

162 1149 231 1203 Tros
243 1149 397 1202 Rutulusve
409 1148 479 1217 inat,
493 1148 570 1204 nullo
583 1149 741 1204 discrimine
754 1150 870 1218 habebo,

163 1237 216 1290 Seu
229 1237 294 1290 fatis
306 1237 406 1292 Italum
419 1241 510 1290 eastra
522 1236 666 1290 obsidione
678 1243 818 1305 tenentur,

163 1323 227 1378 Sive
240 1341 333 1378 errore
346 1323 420 1378 malo
432 1323 530 1376 Troiae
543 1325 708 1394 monitisque
720 1325 848 1379 sinistris.

162 1414 222 1468 Nee
235 1414 352 1467 Rutulos
365 1414 451 1468 solvo.
489 1414 545 1468 Sua
558 1417 656 1485 cuique
669 1433 767 1470 exorsa
777 1416 899 1470 laborem

162 1502 368 1571 Fortunamque
381 1503 479 1556 ferent.
517 1503 579 1557 Rex
591 1503 715 1572 Iuppiter
728 1504 856 1556 omnibus
870 1503 952 1557 idem.

163 1589 232 1657 Fata
245 1590 317 1643 viam
329 1589 500 1644 invenient.'’
538 1591 626 1659 Stygii
639 1607 690 1659 per
700 1589 816 1644 flumina
831 1591 933 1657 fratris,

162 1676 216 1755 Per
229 1677 289 1745 pice
301 1678 434 1730 torrentis
447 1683 559 1746 atraque
570 1679 703 1746 voragine
715 1678 790 1746 ripas

162 1763 278 1827 Adnuit,
293 1769 322 1817 et
335 1770 424 1818 tetum
436 1770 507 1818 nutu
519 1767 674 1820 tremefecit
687 1765 844 1833 Olympum.

163 1852 216 1905 Hic
227 1852 291 1906 finis
303 1854 390 1907 fandi.
429 1853 504 1908 Solio
517 1858 577 1907 turn
589 1853 715 1922 Iuppiter
727 1869 811 1907 auree

162 1940 265 2010 Surgit,
279 1942 426 1996 caelicolae
438 1941 560 1996 medium
573 1957 655 2010 quem
668 1940 701 1994 ad
714 1941 811 1994 limina
823 1940 936 1993 ducunt

198 2027 308 2083 Interea
319 2028 416 2083 Rutuli
428 2029 517 2098 portis
529 2030 632 2082 circum
645 2028 773 2082 omnibus
785 2028 890 2080 instant

163 2114 291 2170 Sternere
304 2117 386 2170 caede
399 2116 480 2184 viros,
496 2123 524 2169 et
537 2116 645 2169 moenia
657 2116 768 2183 cingere
780 2114 906 2168 flammis.
932 2135 935 2144 ¹

163 2203 203 2256 At
214 2203 287 2269 legio
301 2203 463 2257 Aeneadum
478 2203 555 2257 vallis
567 2203 678 2257 obsessa
691 2207 810 2270 tenetur,

162 2289 190 2342 N
192 2307 223 2344 ec
235 2309 298 2361 spes
310 2293 366 2347 ulla
377 2293 469 2360 fugae.
509 2291 603 2346 Miseri
616 2297 691 2344 stant
703 2291 826 2344 turribus
839 2289 902 2343 altis

163 2376 344 2449 Nequiquam,
360 2392 387 2434 et
403 2397 466 2434 rara
478 2397 572 2432 mures
584 2379 695 2432 cinxere
707 2394 825 2432 corona:

162 2466 246 2518 Asius
259 2466 426 2522 Imbrasides
440 2467 672 2535 Hicetaoniusque
685 2465 853 2532 Thymoetes

163 2551 345 2622 Assaracique
357 2554 413 2608 duo
426 2567 454 2608 et
466 2555 559 2608 senior
572 2570 633 2607 cum
647 2553 761 2607 Castore
774 2551 931 2619 Thymbria

162 2637 256 2693 Prima
269 2641 354 2708 acies,
375 2641 427 2694 hos
439 2642 561 2709 germani
577 2641 743 2708 Sarpedonis
755 2639 845 2702 ambo,

162 2724 199 2778 Et
212 2725 308 2780 Clarus
321 2735 349 2780 et
361 2728 494 2794 Themen,
509 2728 594 2794 Lycia
606 2729 773 2782 comitantur
783 2727 819 2780 ab
831 2726 894 2780 alta.

162 2813 228 2868 Fert
239 2815 337 2883 ingens
348 2821 410 2868 toto
422 2817 538 2869 conixus
551 2832 667 2884 corpere
679 2831 784 2882 saxum,

162 2901 244 2955 Haud
256 2908 364 2971 partem
377 2903 503 2971 exiguam
518 2902 625 2970 montis,
640 2903 790 2970 Lyrnesius
803 2902 920 2968 Acmon,

162 2988 221 3043 Nee
234 2990 326 3057 Clytio
340 2990 463 3058 genitore
475 2991 573 3056 minor,
588 3007 639 3044 neo
652 2991 740 3044 tratre
752 2988 921 3043 Menestheo.

163 3077 199 3128 Hi
212 3076 314 3144 iaculis,
329 3077 369 3130 illi
382 3083 491 3131 certant
504 3076 652 3130 defendere
665 3077 746 3144 saxis,

163 3162 307 3232 Molirique
320 3165 421 3232 ignem,
435 3181 576 3234 nervoque
588 3170 682 3233 aptare
694 3164 817 3232 sagittas.

162 3249 223 3316 Ipse
237 3250 309 3303 inter
320 3252 434 3320 medios,
449 3251 568 3305 Veneris
580 3252 730 3305 iustissima
741 3267 815 3318 cura,

162 3334 318 3388 Dardanius
330 3342 421 3405 caput,
436 3355 507 3405 ecce,
522 3355 592 3407 puer
604 3338 728 3393 detectus
743 3338 899 3405 honestum,

163 3421 257 3484 Qualis
270 3438 386 3488 gemma,
400 3424 491 3489 micat,
505 3425 612 3477 fulvum
626 3442 696 3494 qnae
709 3425 810 3478 dividit
822 3441 932 3492 aurum,

166 3509 222 3559 Aut
235 3507 307 3561 cello
319 3509 403 3561 decus
415 3518 463 3563 aut
475 3512 575 3579 capiti;
597 3512 641 3566 vel
654 3513 735 3581 quale
748 3529 799 3580 per
811 3517 899 3566 artem
