2734 3936
442 207 580 257 VERGILI
604 207 793 256 eudaemon
817 208 850 256 Il.

135 372 296 441 Argitisque
309 369 408 436 minor,
422 369 466 423 oui
479 386 534 422 nou
547 370 695 424 certaverit
707 369 764 423 ulla

134 459 193 512 Aut
205 465 314 512 tautum
327 457 413 510 fluere
426 461 475 510 aut
486 456 602 510 totidem
615 457 716 511 durare
732 473 782 526 per
794 474 890 512 annos.

135 545 199 599 Non
213 562 264 614 ego
277 551 314 614 te,
328 545 379 597 Dis
392 549 421 598 et
432 544 535 598 mensis
548 549 663 612 accepta
676 544 811 612 secundis,

135 632 308 700 Transierim,
323 631 442 699 Rhodia,
457 635 485 684 et
498 630 618 698 tumidis,
634 630 772 699 Bumasta
788 632 912 684 racemis.

135 719 190 772 Sed
201 735 300 788 neque,
315 735 397 787 quam
410 717 514 771 multae
526 718 641 786 species,
654 733 714 785 uec,
729 718 843 772 uomina
854 735 924 788 quae
936 720 1000 787 siut,

134 807 185 859 Est
197 821 343 872 numerus余
365 805 539 874 nequeenim
552 821 669 858 numero
681 805 879 874 comprendere
893 809 994 874 ret'ert余

136 895 226 960 Quem
238 895 285 964 qui
298 894 368 948 scire
383 893 456 958 velit,
471 892 567 960 Libyci
581 893 650 947 velit
661 894 789 963 aequoris
799 893 872 946 idem

135 982 250 1035 Discere
262 998 343 1051 quam
358 981 461 1035 multae
472 980 601 1050 Zephyro
614 982 760 1035 turbentur
772 980 899 1049 harenae,

138 1072 203 1137 Aut,
217 1069 266 1122 ubi
277 1069 396 1136 navigiis
408 1067 558 1122 violentior
570 1067 667 1122 incidit
679 1067 776 1135 Eurus,

136 1156 233 1224 Nosse,
249 1162 316 1225 quot
328 1155 399 1210 lonii
412 1156 528 1209 veniant
540 1155 574 1209 ad
587 1155 670 1209 litora
681 1155 788 1209 fluctus.

171 1243 231 1298 Neo
244 1259 311 1296 vero
322 1249 412 1296 terrae
424 1243 496 1297 ferre
509 1259 605 1296 omnes
617 1243 710 1296 omnia
721 1248 845 1312 pomunt

135 1331 310 1384 Fluminibus
322 1329 419 1384 salices
431 1331 583 1400 crassisque
595 1329 744 1398 paludibus
754 1329 810 1384 alni

136 1418 303 1486 Nascuntur,
318 1417 425 1471 steriles
437 1418 543 1470 saxosis
555 1417 697 1471 montibus
709 1419 787 1484 orni余

87 1537 90 1542 -
136 1503 232 1557 Litora
243 1502 372 1569 myrtetis
383 1501 550 1569 laetissima余
569 1501 688 1572 denique
701 1508 813 1570 apertos

135 1590 261 1646 Bacchus
272 1595 347 1644 amat
359 1589 445 1657 collis,
460 1589 616 1658 aquilonem
630 1595 660 1643 et
670 1590 774 1657 frigora
786 1591 854 1644 taxi.

136 1679 238 1746 Aspice
251 1683 280 1732 et
292 1678 422 1732 extremis
434 1677 571 1731 domitum
585 1677 738 1732 cultoribus
749 1678 853 1746 orbem,

135 1765 262 1835 ansque
274 1765 371 1819 domos
384 1765 508 1819 Arabum
522 1766 665 1835 pictosque
677 1764 816 1819 Gelonos:

135 1854 247 1910 Divisae
259 1857 404 1912 arboribus
415 1857 529 1926 patriae.
568 1857 633 1912 Sola
644 1856 724 1910 India
735 1856 844 1925 nigrum

134 1941 202 1997 Fert
213 1944 359 2014 hebenum,
374 1945 440 2000 solis
452 1952 495 2000 est
506 1953 586 2000 turea
598 1946 676 2014 virga
689 1944 808 1999 Sabaeis.

135 2028 209 2094 Quid
222 2031 272 2084 tibi
287 2033 405 2087 odorato
416 2034 534 2088 referam
547 2034 676 2088 sudantia
687 2034 763 2102 ligno

135 2115 316 2188 Balsamaque
329 2125 358 2173 et
372 2120 452 2174 bacas
464 2137 574 2188 semper
584 2120 739 2174 frondentis
751 2119 884 2174 acanthi?

135 2203 209 2270 Quid
221 2221 337 2259 nemora
349 2205 519 2276 Aethiopum
542 2207 618 2262 molli
632 2207 760 2261 canentia
771 2206 854 2260 lauat

134 2291 302 2362 Velleraque
315 2298 346 2346 ut
357 2293 435 2347 loliis
445 2293 593 2363 depectant
605 2295 701 2348 tenuia
713 2292 812 2348 Seres?

135 2383 193 2433 Aut
205 2397 276 2449 quos
288 2379 400 2434 Oceano
411 2382 525 2450 propior
537 2382 611 2450 gerit
621 2380 702 2435 ludia
712 2381 797 2447 lucos,

133 2467 261 2522 Extremi
273 2468 350 2521 sinus
361 2468 444 2536 orbis,
457 2469 505 2521 ubi
518 2475 581 2522 saera
594 2469 704 2523 vincere
716 2485 854 2522 summum

133 2555 254 2609 Arboris
265 2554 341 2609 haud
353 2555 424 2609 ullae
434 2555 508 2609 iactu
521 2563 638 2624 potuere
650 2556 766 2624 sagittae
775 2557 823 2609 l-

132 2642 170 2695 Et
182 2659 250 2710 gens
262 2641 311 2696 illa
323 2642 433 2711 quidem
446 2645 563 2712 sumptis
578 2661 632 2698 oon
649 2644 727 2698 tarda
740 2643 887 2712 pharetris

133 2728 227 2783 Media
237 2730 296 2782 fert
307 2729 395 2783 tristis
407 2746 487 2784 sucos
500 2729 664 2800 tardumque
676 2747 801 2800 saporem

132 2815 234 2871 Felicis
246 2815 320 2881 mali,
336 2833 391 2885 quo
402 2833 459 2871 uon
471 2819 646 2886 praesentius
657 2818 750 2886 ullum,

133 2901 238 2957 Pocula
251 2904 273 2956 si
287 2903 397 2972 quaudo
410 2921 508 2958 saevae
520 2905 643 2958 iniecere
654 2921 793 2959 novercae

134 2989 359 3059 Miscueruutque
371 2990 471 3044 herbas
485 2995 512 3044 et
524 3007 582 3044 uon
594 2991 706 3045 innoxia
718 2992 812 3061 verba,

134 3077 278 3130 Auxilium
293 3077 378 3145 venit,
392 3095 424 3132 ac
436 3078 568 3132 membris
580 3078 638 3145 agit
649 3085 710 3132 atra
722 3095 839 3133 venena.

133 3163 197 3232 Ipsa
209 3165 308 3233 iugens
320 3166 404 3218 arbos
416 3165 570 3234 faciemque
582 3165 720 3219 simillima
731 3165 827 3234 laur03

132 3250 177 3312 Et,
192 3252 215 3305 si
228 3269 286 3304 non
300 3252 384 3306 alium
397 3252 452 3306 late
465 3254 581 3306 iactaret
595 3253 717 3321 odorem,

133 3338 239 3392 Laurus
251 3344 329 3405 erat3
350 3340 419 3393 folia
431 3339 505 3392 haud
519 3340 579 3393 ullis
592 3340 715 3394 labentia
727 3341 835 3406 ventis3

133 3425 196 3479 Flos
209 3427 243 3480 ad
256 3427 346 3496 primu
358 3432 442 3480 tenax
453 3445 460 3492 3
480 3426 585 3480 animas
598 3435 626 3480 et
639 3427 742 3480 olentia
753 3426 829 3480 Medi

133 3511 190 3566 Ora
201 3514 299 3567 fovent
311 3513 359 3566 illo
372 3518 400 3566 et
413 3513 524 3566 senibus
535 3513 709 3567 medicantur
722 3512 837 3566 anhelis.
