2706 3938
529 202 667 251 vaaeltl
690 201 857 251 nundinas
879 200 937 251 vll.

225 361 312 428 Quam
326 365 406 430 pater
418 361 566 430 inventam,
581 363 684 431 primas
697 380 759 416 oum
773 362 907 418 oonderet
920 379 1006 432 eroes,

223 449 286 518 Ipse
297 449 437 503 ferebatur
450 449 565 503 Phoebo
578 466 699 503 sacrasse
711 449 834 518 Latinus,

222 537 420 606 Laurentisque
433 538 468 590 ab
481 553 515 590 ea
525 553 628 591 nomen
640 538 763 605 posuisse
777 537 889 592 colonis.

224 625 311 678 Huius
322 641 387 694 apes
400 640 537 678 summum
551 624 817 678 densae—mirabile
830 624 943 678 diotu—

223 713 347 767 Stridore
360 713 466 780 ingenti
479 711 613 780 liquidum
627 717 705 766 trans
718 713 831 766 aethera
844 717 947 781 veatae,

224 800 362 854 Obsedere
375 801 489 868 apicem,
504 805 539 867 et,
553 799 671 867 pedibus
683 816 733 867 per
746 805 843 853 mutua
854 799 942 866 nexis,

222 886 348 941 Examen
360 887 479 940 subitum
492 903 571 940 remo
583 885 734 940 frondente
751 886 889 955 pependit.

224 973 364 1028 Continuo
377 980 462 1042 vates,
479 974 657 1028 “Externum
672 973 811 1027 cernimus
821 973 837 1001 ”
850 975 942 1043 inquit

224 1063 410 1116 “Adventare
423 1063 521 1131 virum,
538 1067 567 1116 et
579 1062 666 1130 partis
680 1066 776 1129 petere
789 1078 887 1130 agmen
901 1061 1012 1116 easdem

224 1149 352 1203 Partibus
365 1166 399 1204 ex
411 1150 507 1219 isdem,
522 1155 550 1203 et
562 1166 668 1203 summa
682 1149 849 1203 dominarier
863 1150 953 1204 aroe.''

223 1237 377 1305 Praeterea,
393 1238 475 1291 castis
488 1237 580 1290 adolet
592 1237 659 1290 dum
673 1237 771 1290 altaria
784 1237 882 1305 taedis,

223 1324 262 1377 Ut
273 1326 352 1379 iuxta
364 1326 519 1393 genitorem
532 1331 604 1378 estat
617 1326 731 1380 Lavinia
745 1327 832 1394 virgo,

223 1411 299 1482 Visa,
313 1413 399 1479 nefas,
414 1413 504 1480 longis
516 1412 715 1481 comprendere
728 1413 850 1468 orinibus
864 1415 964 1482 ignem,

223 1499 316 1568 Atque
329 1517 440 1554 omnem
453 1507 579 1554 ornatum
592 1500 703 1555 flamma
717 1501 871 1569 erepitante
884 1500 1009 1569 eremari,

223 1583 385 1652 Regalisque
399 1601 513 1638 eooensa
525 1602 624 1654 eomas,
639 1602 754 1640 nonense
766 1601 905 1654 eoronam,

223 1670 360 1739 Insignem
373 1672 501 1739 gemmis3
522 1679 582 1726 tum
595 1673 700 1726 fumida
712 1673 817 1726 lumine
829 1673 906 1726 fulvo

222 1758 339 1822 Involvi‚
354 1776 386 1813 ao
398 1760 466 1812 totis
479 1759 634 1814 Voloanum
649 1777 777 1829 spargere
790 1760 878 1815 tectis.

222 1846 255 1899 Id
267 1863 334 1899 vero
346 1846 516 1900 horrendum
529 1864 560 1901 ao
575 1849 634 1901 visu
647 1847 772 1902 mirabile
785 1848 867 1902 ferri:

223 1932 349 2002 Namque
360 1935 422 1988 fore
434 1934 580 1988 inlustrem
593 1935 667 1989 fama
678 1936 797 2005 fatisque
811 1936 948 1990 cauebant

222 2020 321 2088 Ipsam,
336 2021 383 2074 sed
396 2021 497 2089 populo
510 2039 641 2090 magnum
653 2022 820 2090 portendere
833 2022 945 2077 bellum.

222 2108 262 2161 At
274 2125 324 2161 rex
337 2108 471 2162 sollicitus
484 2109 622 2178 monstris,
638 2110 748 2164 oracula
760 2110 857 2179 Fauni,

221 2195 339 2249 Fatidiei
352 2196 494 2264 genitoris,
510 2196 574 2263 adit,
589 2196 719 2265 lucosque
734 2198 784 2251 sub
799 2198 854 2253 alta

222 2284 349 2338 Consulit
361 2283 497 2352 Albunea,
512 2300 656 2338 nemorum
671 2302 740 2354 quae
753 2285 873 2340 maxima
886 2302 964 2340 seem

222 2371 310 2425 Fonte
324 2378 411 2439 sonat,
426 2387 591 2440 saevamque
605 2371 716 2426 exhalat
729 2389 815 2441 opaea
828 2373 982 2443 mephitim.

218 2459 296 2512 'Hine
308 2457 394 2512 Italae
406 2463 502 2525 gentes
515 2459 656 2528 omnisque
670 2459 805 2514 Oenotria
816 2461 899 2514 tellus

221 2545 254 2598 ln
267 2545 358 2597 dubiis
371 2561 502 2613 responsa
514 2550 629 2614 petunt3
649 2545 703 2600 hue
717 2547 790 2601 dona
803 2547 930 2602 saeerdos

222 2633 292 2686 (lum
305 2632 369 2686 tulit
382 2639 409 2685 et
422 2649 561 2686 caesarum
576 2635 668 2686 ovium
683 2636 733 2689 sub
747 2641 829 2690 noete
842 2635 934 2689 silenti

221 2720 343 2774 Pellibus
354 2721 481 2774 incubuit
495 2721 588 2775 stratis
602 2739 765 2791 somnosque
779 2725 884 2791 petivit,

221 2807 310 2861 Multa
322 2807 411 2862 modis
424 2808 570 2862 simulacra
584 2809 660 2863 videt
673 2810 820 2864 volitantia
831 2811 914 2877 miris,

221 2896 257 2950 Et
270 2898 359 2949 varias
372 2895 449 2949 audit
461 2913 550 2962 voees.
567 2897 721 2965 fruiturque
734 2896 848 2950 deorum

221 2983 383 3052 Oonloquio,
399 2989 481 3052 atque
492 2984 555 3036 imis
568 2983 731 3038 Aeheronta
744 2983 855 3038 adfatur
868 2984 997 3039 Avernis.

220 3069 274 3124 Hie
287 3077 315 3124 et
327 3076 385 3124 tum
398 3076 477 3139 pater
490 3072 548 3139 ipse
560 3076 659 3139 petens
670 3087 803 3140 responsa
814 3072 928 3126 Latinus

222 3156 339 3211 (lentum
350 3158 488 3225 lanigeras
499 3157 639 3212 mactabat
653 3157 705 3211 rite
717 3158 845 3226 bidentis,

220 3244 314 3313 Atque
327 3244 424 3298 harum
438 3245 551 3299 effultus
563 3250 642 3312 tergo
655 3246 802 3314 stratisque
814 3245 921 3300 iaoebat

221 3329 393 3385 Velleribus:
415 3332 506 3384 subita
519 3347 552 3384 ex
566 3331 621 3386 alto
634 3347 689 3385 vox
702 3332 810 3386 reddita
822 3333 884 3386 luoo
897 3339 953 3386 eet:

224 3417 290 3471 “Ne
302 3425 367 3486 pete
380 3419 504 3471 conubiis
516 3423 610 3471 natam
624 3419 729 3472 soniare
742 3419 855 3488 Latinis,

221 3504 245 3557 0
259 3522 320 3558 mea
333 3505 484 3572 progenies,
500 3504 627 3558 thalamis
639 3522 693 3558 neu
707 3505 787 3560 erede
800 3507 918 3575 paratis;
