2706 3938
450 230 588 280 vultum
612 231 776 280 nunninus
799 230 842 279 IV.

131 391 231 446 Eroeta
244 393 351 460 ingenti
364 393 455 446 taedis
468 398 551 461 atque
564 393 627 446 ilice
639 397 722 460 secta,

130 479 308 547 Intenditque
322 480 412 532 locum
426 481 507 533 sertis
519 485 547 532 et
561 479 660 533 fronde
673 484 789 534 coronat

130 567 270 624 Funerea:
292 583 375 634 super
388 567 501 620 exuvias
515 583 663 636 ensemque
676 567 802 620 relictum

129 654 312 721 Effigiemque
327 663 390 707 toro
403 653 484 721 locat,
501 655 573 707 hand
587 655 682 722 ignara
695 653 791 707 futuri.

130 743 213 795 Stant
225 757 289 794 arae
301 741 413 804 circum,
428 748 457 793 et
470 741 553 794 orium
566 741 654 794 effusa
667 741 795 794 sacerdos

129 829 184 882 Ter
197 835 309 882 eentum
322 833 402 881 tonat
415 843 463 880 ore
476 827 550 893 deos,
567 828 742 896 Erebumque
755 827 900 898 Chaosque

129 916 377 984 Tergeminamque
391 915 521 983 Hecaten,
537 916 592 969 tria
607 916 719 984 virginis
734 931 783 969 ora
795 915 909 971 Dianae.

129 1003 276 1072 Sparserat
289 1007 318 1055 et
330 1002 425 1056 latices
437 1001 578 1066 simulatos
592 1003 678 1056 fontis
692 1001 804 1069 Averni,

128 1089 260 1143 Falcibus
274 1095 301 1142 et
315 1105 417 1143 messae
430 1089 465 1143 ad
479 1089 584 1143 Lunam
602 1095 771 1158 quaeruntur
784 1091 861 1144 aenis

129 1177 273 1230 Pubentes
285 1177 388 1231 herbae
400 1177 471 1246 nigri
483 1193 544 1231 oum
558 1177 630 1231 lacte
643 1178 758 1244 veneni;

131 1264 283 1330 Quaeritur
296 1270 325 1318 et
336 1265 474 1320 nascentis
486 1266 548 1334 equi
563 1265 598 1318 de
611 1264 707 1318 fronte
722 1265 845 1319 revulsus

129 1352 168 1405 Et
181 1353 265 1406 matri
279 1360 441 1422 praereptus
454 1369 540 1407 amor.

129 1440 195 1509 Ipsa
208 1441 283 1494 mola
296 1441 474 1509 manibusque
487 1441 540 1508 piis
553 1439 651 1494 altaria
663 1440 748 1507 iuxta,

129 1527 225 1582 Unum
239 1533 324 1582 exuta
337 1529 434 1596 pedem
447 1528 553 1597 vinclis,
570 1529 598 1582 in
612 1535 690 1582 veste
704 1529 834 1598 recincta,

129 1615 262 1669 Testatur
274 1617 410 1670 moritura
422 1616 488 1670 deos
501 1622 529 1669 et
541 1617 649 1670 conseia
662 1616 710 1670 fati

130 1703 246 1770 Sidera3
268 1709 335 1772 tum,
349 1704 372 1757 si
386 1704 458 1772 quod
471 1721 527 1757 non
543 1721 630 1774 aequo
642 1703 752 1758 loedere
767 1704 885 1759 amantis

130 1791 222 1844 (lurae
235 1808 339 1844 numen
352 1791 435 1845 habet
447 1792 605 1860 iustumque
619 1809 786 1861 memorque,
803 1799 939 1860 precatur.

165 1878 233 1931 Nox
246 1883 314 1946 erat,
329 1883 357 1931 et
369 1878 507 1946 placidum
521 1880 670 1948 carpebant
683 1881 753 1934 fessa
765 1896 892 1948 soporem

130 1965 259 2034 Corpora
271 1982 321 2034 per
332 1971 428 2033 terras,
442 1966 580 2036 silvaeque
594 1973 622 2020 et
634 1984 715 2021 saeva
727 1970 853 2037 quierant

129 2053 273 2122 Aequora,
288 2070 349 2106 curn
361 2053 453 2106 medio
464 2054 614 2108 volvuntur
626 2055 717 2109 sidera
729 2056 815 2125 lapsu,

130 2139 201 2193 (lum
215 2145 290 2193 tacet
304 2140 393 2192 omnis
407 2157 478 2208 ager,
493 2141 612 2208 pecudes
625 2143 768 2211 pictaeque
781 2144 914 2210 volucres,

130 2226 265 2295 Quaeque
277 2227 352 2281 lacus
364 2227 419 2281 late
431 2227 557 2297 liquidos,
575 2246 698 2298 quaeque
711 2247 809 2299 aspera
821 2231 913 2284 dumis

130 2314 208 2367 Rura
220 2319 326 2380 tenent,
341 2330 438 2367 somno
450 2315 558 2383 positae
572 2317 716 2370 subnecte
731 2318 823 2372 silenti

132 2401 283 2468 [Lenibunt
297 2417 383 2467 ouras,
398 2407 427 2455 et
438 2403 522 2456 corda
535 2403 621 2457 oblita
633 2404 782 2473 laborum}

130 2491 170 2544 At
182 2506 242 2542 non
254 2489 349 2542 infelix
363 2489 447 2543 animi
459 2489 616 2558 Phoenissa,
632 2509 683 2545 neo
697 2493 840 2561 nmquam¹

130 2578 255 2632 Solvitur
267 2577 297 2628 in
309 2593 428 2645 somnos,
444 2577 563 2631 oculisve
578 2585 625 2633 aut
639 2585 751 2648 pectore
764 2584 874 2634 noctem

129 2665 257 2733 Accipit:
272 2664 443 2732 ingeminant
456 2682 545 2732 curae,
563 2683 710 2736 rursusque
725 2685 871 2735 resurgens

129 2752 225 2806 Saevit
238 2767 324 2818 amor,
338 2767 492 2820 magnoque
504 2753 607 2806 irarum
621 2753 736 2808 fluctuat
749 2760 833 2808 aestu.

129 2839 174 2894 Sic
188 2838 261 2892 adeo
271 2837 381 2904 insistit,
397 2854 542 2907 secumque
555 2841 595 2894 ita
608 2841 691 2894 eorde
704 2841 826 2895 volutat:

130 2929 147 2955 “
156 2927 208 2993 En,
224 2925 290 2994 quid
305 2925 376 2992 agol
396 2942 526 2980 rursusne
540 2944 639 2995 procos
651 2929 735 2982 inrisa
748 2930 854 2998 priores

128 3013 273 3083 Experiar,
289 3011 500 3082 Nomadumque
516 3020 608 3083 petam
623 3017 741 3070 conubia
753 3016 877 3084 supplex,

130 3101 206 3166 Quos
219 3117 270 3169 ego
283 3101 333 3154 sim
347 3101 451 3155 totiens
464 3102 518 3155 iam
532 3102 679 3170 dedignata
692 3105 825 3158 maritosl

129 3188 226 3242 lliacas
237 3187 323 3257 igitur
337 3188 432 3241 classis
445 3200 527 3256 atque
541 3189 640 3242 ultima
652 3189 786 3245 Teucrum

128 3275 206 3330 Iussa
218 3277 337 3346 aequari
357 3275 459 3344 quiane
472 3276 575 3329 auxilio
587 3277 664 3332 iuvat
677 3284 742 3333 ante
754 3279 868 3345 levatos,

128 3363 164 3416 Et
175 3365 247 3418 bene
259 3363 333 3432 apud
347 3378 485 3416 memores
497 3365 600 3416 veteris
613 3369 669 3417 stat
680 3365 769 3433 gratia
782 3366 868 3419 faotil

131 3451 196 3516 Quis
207 3469 252 3506 me
265 3457 368 3518 autern,
384 3449 428 3502 fao
442 3448 518 3514 velle,
533 3451 612 3519 sinet,
628 3453 767 3505 ratibusve
781 3453 906 3520 superbis

129 3537 246 3594 Invisam
260 3537 401 3608 aecipietl
422 3536 511 3590 nescis
524 3537 585 3603 heu,
600 3537 716 3607 perdita,
731 3539 849 3592 necdum
