<?xml version="1.0" encoding="UTF-8"?>
<!DOCTYPE html PUBLIC "-//W3C//DTD XHTML 1.0 Transitional//EN"
    "http://www.w3.org/TR/xhtml1/DTD/xhtml1-transitional.dtd">
<html xmlns="http://www.w3.org/1999/xhtml" xml:lang="en" lang="en">
 <head>
  <title>
</title>
<meta http-equiv="Content-Type" content="text/html;charset=utf-8" />
  <meta name='ocr-system' content='tesseract 3.04.00' />
  <meta name='ocr-capabilities' content='ocr_page ocr_carea ocr_par ocr_line ocrx_word'/>
</head>
<body>
  <div class='ocr_page' id='page_1' title='image "./arevisedtextpoe00virggoog_0182.png"; bbox 0 0 2730 3936; ppageno 0'>
   <div class='ocr_carea' id='block_1_1' title="bbox 491 207 884 260">
    <p class='ocr_par' dir='ltr' id='par_1_1' title="bbox 491 207 884 260">
     <span class='ocr_line' id='line_1_1' title="bbox 491 207 884 260; baseline -0.008 0"><span class='ocrx_word' id='word_1_1' title='bbox 491 211 629 260; x_wconf 80' lang='lat' dir='ltr'>vaaulal</span> <span class='ocrx_word' id='word_1_2' title='bbox 651 207 816 258; x_wconf 77' lang='lat' dir='ltr'>AENEIDOS</span> <span class='ocrx_word' id='word_1_3' title='bbox 839 207 884 258; x_wconf 88' lang='lat'>111.</span> 
     </span>
    </p>
   </div>
   <div class='ocr_carea' id='block_1_2' title="bbox 180 371 1068 3584">
    <p class='ocr_par' dir='ltr' id='par_1_2' title="bbox 180 371 890 442">
     <span class='ocr_line' id='line_1_2' title="bbox 180 371 890 442; baseline -0.01 -12"><span class='ocrx_word' id='word_1_4' title='bbox 180 377 217 430; x_wconf 82' lang='lat' dir='ltr'>Et</span> <span class='ocrx_word' id='word_1_5' title='bbox 230 392 331 430; x_wconf 90' lang='lat' dir='ltr'>conum</span> <span class='ocrx_word' id='word_1_6' title='bbox 345 373 461 442; x_wconf 91' lang='lat' dir='ltr'>insignis</span> <span class='ocrx_word' id='word_1_7' title='bbox 473 373 566 442; x_wconf 86' lang='lat' dir='ltr'>galeae</span> <span class='ocrx_word' id='word_1_8' title='bbox 580 373 731 440; x_wconf 76' lang='lat' dir='ltr'>cristasque</span> <span class='ocrx_word' id='word_1_9' title='bbox 744 371 890 438; x_wconf 89' lang='lat' dir='ltr'>comantis,</span> 
     </span>
    </p>

    <p class='ocr_par' dir='ltr' id='par_1_3' title="bbox 180 457 895 530">
     <span class='ocr_line' id='line_1_3' title="bbox 180 457 895 530; baseline -0.008 -14"><span class='ocrx_word' id='word_1_10' title='bbox 180 464 268 517; x_wconf 87' lang='lat' dir='ltr'>Arma</span> <span class='ocrx_word' id='word_1_11' title='bbox 280 461 466 530; x_wconf 84' lang='lat' dir='ltr'>Neoptolemi.</span> <span class='ocrx_word' id='word_1_12' title='bbox 506 460 577 514; x_wconf 89' lang='lat' dir='ltr'>Sunt</span> <span class='ocrx_word' id='word_1_13' title='bbox 589 466 618 514; x_wconf 91' lang='lat' dir='ltr'>et</span> <span class='ocrx_word' id='word_1_14' title='bbox 631 476 680 513; x_wconf 92' lang='lat' dir='ltr'>sua</span> <span class='ocrx_word' id='word_1_15' title='bbox 693 459 766 512; x_wconf 94' lang='lat' dir='ltr'>dona</span> <span class='ocrx_word' id='word_1_16' title='bbox 778 457 895 527; x_wconf 89' lang='lat' dir='ltr'>parenti.</span> 
     </span>
    </p>

    <p class='ocr_par' dir='ltr' id='par_1_4' title="bbox 180 547 632 618">
     <span class='ocr_line' id='line_1_4' title="bbox 180 547 632 618; baseline -0.011 -15"><span class='ocrx_word' id='word_1_17' title='bbox 180 550 269 604; x_wconf 84' lang='lat' dir='ltr'>Addit</span> <span class='ocrx_word' id='word_1_18' title='bbox 281 566 373 618; x_wconf 89' lang='lat' dir='ltr'>equos,</span> <span class='ocrx_word' id='word_1_19' title='bbox 389 548 521 616; x_wconf 84' lang='lat' dir='ltr'>additque</span> <span class='ocrx_word' id='word_1_20' title='bbox 534 547 632 611; x_wconf 83' lang='lat' dir='ltr'>duoes;</span> 
     </span>
    </p>

    <p class='ocr_par' dir='ltr' id='par_1_5' title="bbox 181 630 908 788">
     <span class='ocr_line' id='line_1_5' title="bbox 181 630 908 706; baseline -0.008 -16"><span class='ocrx_word' id='word_1_21' title='bbox 181 637 335 706; x_wconf 82' lang='lat' dir='ltr'>Remigium</span> <span class='ocrx_word' id='word_1_22' title='bbox 349 635 473 704; x_wconf 90' lang='lat' dir='ltr'>supplet;</span> <span class='ocrx_word' id='word_1_23' title='bbox 495 634 585 688; x_wconf 89' lang='lat' dir='ltr'>socios</span> <span class='ocrx_word' id='word_1_24' title='bbox 598 633 679 686; x_wconf 90' lang='lat' dir='ltr'>simul</span> <span class='ocrx_word' id='word_1_25' title='bbox 691 631 805 685; x_wconf 86' lang='lat' dir='ltr'>instruit</span> <span class='ocrx_word' id='word_1_26' title='bbox 817 630 908 684; x_wconf 89' lang='lat' dir='ltr'>armis.</span> 
     </span>
     <span class='ocr_line' id='line_1_6' title="bbox 215 719 830 788; baseline -0.011 -10"><span class='ocrx_word' id='word_1_27' title='bbox 215 723 326 778; x_wconf 84' lang='lat' dir='ltr'>Interea</span> <span class='ocrx_word' id='word_1_28' title='bbox 339 723 451 776; x_wconf 87' lang='lat' dir='ltr'>classem</span> <span class='ocrx_word' id='word_1_29' title='bbox 465 721 534 774; x_wconf 89' lang='lat' dir='ltr'>velis</span> <span class='ocrx_word' id='word_1_30' title='bbox 546 726 642 788; x_wconf 88' lang='lat' dir='ltr'>aptare</span> <span class='ocrx_word' id='word_1_31' title='bbox 654 719 768 772; x_wconf 92' lang='lat' dir='ltr'>iubebat</span> <span class='ocrx_word' id='word_1_32' title='bbox 828 761 830 764; x_wconf 90' lang='lat'>.</span> 
     </span>
    </p>

    <p class='ocr_par' dir='ltr' id='par_1_6' title="bbox 182 806 838 880">
     <span class='ocr_line' id='line_1_7' title="bbox 182 806 838 880; baseline -0.012 -15"><span class='ocrx_word' id='word_1_33' title='bbox 182 812 325 880; x_wconf 78' lang='lat' dir='ltr'>Anchises,</span> <span class='ocrx_word' id='word_1_34' title='bbox 339 809 418 864; x_wconf 88' lang='lat' dir='ltr'>fieret</span> <span class='ocrx_word' id='word_1_35' title='bbox 431 814 515 862; x_wconf 89' lang='lat' dir='ltr'>vento</span> <span class='ocrx_word' id='word_1_36' title='bbox 527 823 607 860; x_wconf 89' lang='lat' dir='ltr'>mora</span> <span class='ocrx_word' id='word_1_37' title='bbox 619 823 654 860; x_wconf 89' lang='lat' dir='ltr'>ne</span> <span class='ocrx_word' id='word_1_38' title='bbox 665 823 718 875; x_wconf 90' lang='lat' dir='ltr'>qua</span> <span class='ocrx_word' id='word_1_39' title='bbox 731 806 838 859; x_wconf 88' lang='lat' dir='ltr'>ferenti.</span> 
     </span>
    </p>

    <p class='ocr_par' dir='ltr' id='par_1_7' title="bbox 181 893 933 965">
     <span class='ocr_line' id='line_1_8' title="bbox 181 893 933 965; baseline -0.007 -13"><span class='ocrx_word' id='word_1_40' title='bbox 181 899 269 964; x_wconf 78' lang='lat' dir='ltr'>Quem</span> <span class='ocrx_word' id='word_1_41' title='bbox 283 898 389 951; x_wconf 86' lang='lat' dir='ltr'>Phoebi</span> <span class='ocrx_word' id='word_1_42' title='bbox 401 898 539 965; x_wconf 87' lang='lat' dir='ltr'>interpres</span> <span class='ocrx_word' id='word_1_43' title='bbox 550 895 640 948; x_wconf 89' lang='lat' dir='ltr'>multo</span> <span class='ocrx_word' id='word_1_44' title='bbox 654 893 801 963; x_wconf 89' lang='lat' dir='ltr'>compellat</span> <span class='ocrx_word' id='word_1_45' title='bbox 813 893 933 947; x_wconf 88' lang='lat' dir='ltr'>honore:</span> 
     </span>
    </p>

    <p class='ocr_par' dir='ltr' id='par_1_8' title="bbox 185 981 898 1055">
     <span class='ocr_line' id='line_1_9' title="bbox 185 981 898 1055; baseline -0.01 -15"><span class='ocrx_word' id='word_1_46' title='bbox 185 986 352 1055; x_wconf 67' lang='lat' dir='ltr'>“Coniugia</span> <span class='ocrx_word' id='word_1_47' title='bbox 367 985 497 1053; x_wconf 90' lang='lat' dir='ltr'>Anchise,</span> <span class='ocrx_word' id='word_1_48' title='bbox 512 983 632 1038; x_wconf 90' lang='lat' dir='ltr'>Veneris</span> <span class='ocrx_word' id='word_1_49' title='bbox 645 982 758 1050; x_wconf 89' lang='lat' dir='ltr'>dignate</span> <span class='ocrx_word' id='word_1_50' title='bbox 772 981 898 1050; x_wconf 92' lang='lat' dir='ltr'>superbo,</span> 
     </span>
    </p>

    <p class='ocr_par' dir='ltr' id='par_1_9' title="bbox 182 1069 799 1141">
     <span class='ocr_line' id='line_1_10' title="bbox 182 1069 799 1141; baseline -0.011 -13"><span class='ocrx_word' id='word_1_51' title='bbox 182 1073 255 1128; x_wconf 84' lang='lat' dir='ltr'>Oura</span> <span class='ocrx_word' id='word_1_52' title='bbox 267 1074 356 1141; x_wconf 89' lang='lat' dir='ltr'>deum,</span> <span class='ocrx_word' id='word_1_53' title='bbox 370 1074 413 1126; x_wconf 90' lang='lat' dir='ltr'>bis</span> <span class='ocrx_word' id='word_1_54' title='bbox 425 1071 583 1140; x_wconf 82' lang='lat' dir='ltr'>Pergameis</span> <span class='ocrx_word' id='word_1_55' title='bbox 597 1074 691 1138; x_wconf 89' lang='lat' dir='ltr'>erepte</span> <span class='ocrx_word' id='word_1_56' title='bbox 705 1069 799 1137; x_wconf 90' lang='lat' dir='ltr'>ruinis,</span> 
     </span>
    </p>

    <p class='ocr_par' dir='ltr' id='par_1_10' title="bbox 180 1155 867 1226">
     <span class='ocr_line' id='line_1_11' title="bbox 180 1155 867 1226; baseline -0.009 -12"><span class='ocrx_word' id='word_1_57' title='bbox 180 1161 252 1216; x_wconf 85' lang='lat' dir='ltr'>Ecce</span> <span class='ocrx_word' id='word_1_58' title='bbox 264 1162 316 1215; x_wconf 92' lang='lat' dir='ltr'>tibi</span> <span class='ocrx_word' id='word_1_59' title='bbox 329 1161 470 1214; x_wconf 88' lang='lat' dir='ltr'>Ausoniae</span> <span class='ocrx_word' id='word_1_60' title='bbox 483 1159 582 1226; x_wconf 81' lang='lat' dir='ltr'>tellus3</span> <span class='ocrx_word' id='word_1_61' title='bbox 601 1158 673 1211; x_wconf 89' lang='lat' dir='ltr'>hano</span> <span class='ocrx_word' id='word_1_62' title='bbox 687 1157 778 1226; x_wconf 81' lang='lat' dir='ltr'>arripe</span> <span class='ocrx_word' id='word_1_63' title='bbox 791 1155 867 1209; x_wconf 90' lang='lat' dir='ltr'>velis.</span> 
     </span>
    </p>

    <p class='ocr_par' dir='ltr' id='par_1_11' title="bbox 180 1245 932 1316">
     <span class='ocr_line' id='line_1_12' title="bbox 180 1245 932 1316; baseline -0.008 -14"><span class='ocrx_word' id='word_1_64' title='bbox 180 1249 217 1302; x_wconf 85' lang='lat' dir='ltr'>Et</span> <span class='ocrx_word' id='word_1_65' title='bbox 229 1256 323 1303; x_wconf 90' lang='lat' dir='ltr'>tamen</span> <span class='ocrx_word' id='word_1_66' title='bbox 336 1249 409 1302; x_wconf 89' lang='lat' dir='ltr'>hanc</span> <span class='ocrx_word' id='word_1_67' title='bbox 421 1248 519 1316; x_wconf 82' lang='lat' dir='ltr'>pelago</span> <span class='ocrx_word' id='word_1_68' title='bbox 531 1245 736 1316; x_wconf 81' lang='lat' dir='ltr'>praeterlabare</span> <span class='ocrx_word' id='word_1_69' title='bbox 751 1260 862 1298; x_wconf 84' lang='lat' dir='ltr'>necesse</span> <span class='ocrx_word' id='word_1_70' title='bbox 875 1249 932 1309; x_wconf 85' lang='lat' dir='ltr'>est;</span> 
     </span>
    </p>

    <p class='ocr_par' dir='ltr' id='par_1_12' title="bbox 180 1330 910 1403">
     <span class='ocr_line' id='line_1_13' title="bbox 180 1330 910 1403; baseline -0.007 -14"><span class='ocrx_word' id='word_1_71' title='bbox 180 1337 323 1390; x_wconf 83' lang='lat' dir='ltr'>Ausoniae</span> <span class='ocrx_word' id='word_1_72' title='bbox 335 1352 400 1403; x_wconf 89' lang='lat' dir='ltr'>pars</span> <span class='ocrx_word' id='word_1_73' title='bbox 411 1334 459 1388; x_wconf 88' lang='lat' dir='ltr'>illa</span> <span class='ocrx_word' id='word_1_74' title='bbox 470 1334 575 1403; x_wconf 88' lang='lat' dir='ltr'>procul,</span> <span class='ocrx_word' id='word_1_75' title='bbox 591 1350 673 1402; x_wconf 90' lang='lat' dir='ltr'>quam</span> <span class='ocrx_word' id='word_1_76' title='bbox 687 1331 785 1400; x_wconf 89' lang='lat' dir='ltr'>pandit</span> <span class='ocrx_word' id='word_1_77' title='bbox 798 1330 910 1399; x_wconf 89' lang='lat' dir='ltr'>Apollo.</span> 
     </span>
    </p>

    <p class='ocr_par' dir='ltr' id='par_1_13' title="bbox 181 1417 884 1490">
     <span class='ocr_line' id='line_1_14' title="bbox 181 1417 884 1490; baseline -0.009 -14"><span class='ocrx_word' id='word_1_78' title='bbox 181 1423 290 1488; x_wconf 85' lang='lat' dir='ltr'>Vade,”</span> <span class='ocrx_word' id='word_1_79' title='bbox 304 1423 350 1490; x_wconf 89' lang='lat' dir='ltr'>ait,</span> <span class='ocrx_word' id='word_1_80' title='bbox 368 1425 385 1450; x_wconf 77' lang='lat'>‘⁶</span> <span class='ocrx_word' id='word_1_81' title='bbox 395 1439 412 1475; x_wconf 91' lang='lat' dir='ltr'>c</span> <span class='ocrx_word' id='word_1_82' title='bbox 424 1422 492 1474; x_wconf 82' lang='lat' dir='ltr'>felix</span> <span class='ocrx_word' id='word_1_83' title='bbox 504 1421 563 1475; x_wconf 91' lang='lat' dir='ltr'>nati</span> <span class='ocrx_word' id='word_1_84' title='bbox 575 1421 687 1489; x_wconf 89' lang='lat' dir='ltr'>pietate.</span> <span class='ocrx_word' id='word_1_85' title='bbox 725 1417 799 1483; x_wconf 80' lang='lat' dir='ltr'>Quid</span> <span class='ocrx_word' id='word_1_86' title='bbox 811 1417 884 1471; x_wconf 89' lang='lat' dir='ltr'>ultra</span> 
     </span>
    </p>

    <p class='ocr_par' dir='ltr' id='par_1_14' title="bbox 181 1505 921 1577">
     <span class='ocr_line' id='line_1_15' title="bbox 181 1505 921 1577; baseline -0.005 -15"><span class='ocrx_word' id='word_1_87' title='bbox 181 1509 325 1563; x_wconf 87' lang='lat' dir='ltr'>Provehor</span> <span class='ocrx_word' id='word_1_88' title='bbox 338 1514 366 1562; x_wconf 92' lang='lat' dir='ltr'>et</span> <span class='ocrx_word' id='word_1_89' title='bbox 377 1509 463 1562; x_wconf 82' lang='lat' dir='ltr'>fando</span> <span class='ocrx_word' id='word_1_90' title='bbox 476 1509 613 1577; x_wconf 83' lang='lat' dir='ltr'>surgentis</span> <span class='ocrx_word' id='word_1_91' title='bbox 625 1509 755 1562; x_wconf 88' lang='lat' dir='ltr'>demoror</span> <span class='ocrx_word' id='word_1_92' title='bbox 770 1507 895 1560; x_wconf 85' lang='lat' dir='ltr'>austrosl</span> <span class='ocrx_word' id='word_1_93' title='bbox 905 1505 921 1534; x_wconf 82' lang='lat'>&#39;’</span> 
     </span>
    </p>

    <p class='ocr_par' dir='ltr' id='par_1_15' title="bbox 182 1595 966 1664">
     <span class='ocr_line' id='line_1_16' title="bbox 182 1595 966 1664; baseline -0.004 -15"><span class='ocrx_word' id='word_1_94' title='bbox 182 1595 242 1650; x_wconf 84' lang='lat' dir='ltr'>Nec</span> <span class='ocrx_word' id='word_1_95' title='bbox 255 1597 346 1650; x_wconf 89' lang='lat' dir='ltr'>minas</span> <span class='ocrx_word' id='word_1_96' title='bbox 357 1596 561 1664; x_wconf 86' lang='lat' dir='ltr'>Andromache,</span> <span class='ocrx_word' id='word_1_97' title='bbox 576 1596 698 1664; x_wconf 86' lang='lat' dir='ltr'>digressu</span> <span class='ocrx_word' id='word_1_98' title='bbox 712 1603 818 1649; x_wconf 89' lang='lat' dir='ltr'>maesta</span> <span class='ocrx_word' id='word_1_99' title='bbox 831 1609 966 1662; x_wconf 86' lang='lat' dir='ltr'>supremo,</span> 
     </span>
    </p>

    <p class='ocr_par' dir='ltr' id='par_1_16' title="bbox 181 1684 757 1754">
     <span class='ocr_line' id='line_1_17' title="bbox 181 1684 757 1754; baseline -0.002 -17"><span class='ocrx_word' id='word_1_100' title='bbox 181 1684 248 1738; x_wconf 84' lang='lat' dir='ltr'>Fert</span> <span class='ocrx_word' id='word_1_101' title='bbox 260 1686 410 1754; x_wconf 81' lang='lat' dir='ltr'>picturatas</span> <span class='ocrx_word' id='word_1_102' title='bbox 424 1685 484 1738; x_wconf 91' lang='lat' dir='ltr'>anri</span> <span class='ocrx_word' id='word_1_103' title='bbox 498 1685 653 1738; x_wconf 89' lang='lat' dir='ltr'>subtemine</span> <span class='ocrx_word' id='word_1_104' title='bbox 665 1688 757 1736; x_wconf 86' lang='lat' dir='ltr'>vestes</span> 
     </span>
    </p>

    <p class='ocr_par' dir='ltr' id='par_1_17' title="bbox 181 1768 984 1840">
     <span class='ocr_line' id='line_1_18' title="bbox 181 1768 984 1840; baseline -0.005 -15"><span class='ocrx_word' id='word_1_105' title='bbox 181 1773 218 1826; x_wconf 84' lang='lat' dir='ltr'>Et</span> <span class='ocrx_word' id='word_1_106' title='bbox 231 1772 380 1840; x_wconf 82' lang='lat' dir='ltr'>Phrygiam</span> <span class='ocrx_word' id='word_1_107' title='bbox 393 1772 514 1826; x_wconf 88' lang='lat' dir='ltr'>Ascanio</span> <span class='ocrx_word' id='word_1_108' title='bbox 527 1771 709 1839; x_wconf 85' lang='lat' dir='ltr'>chlamydem,</span> <span class='ocrx_word' id='word_1_109' title='bbox 724 1787 775 1824; x_wconf 92' lang='lat' dir='ltr'>nec</span> <span class='ocrx_word' id='word_1_110' title='bbox 789 1769 863 1824; x_wconf 85' lang='lat' dir='ltr'>cedit</span> <span class='ocrx_word' id='word_1_111' title='bbox 876 1768 984 1836; x_wconf 91' lang='lat' dir='ltr'>honori,</span> 
     </span>
    </p>

    <p class='ocr_par' dir='ltr' id='par_1_18' title="bbox 182 1858 827 1928">
     <span class='ocr_line' id='line_1_19' title="bbox 182 1858 827 1928; baseline -0.003 -16"><span class='ocrx_word' id='word_1_112' title='bbox 182 1860 387 1928; x_wconf 85' lang='lat' dir='ltr'>Textilibusque</span> <span class='ocrx_word' id='word_1_113' title='bbox 401 1863 498 1913; x_wconf 92' lang='lat' dir='ltr'>onerat</span> <span class='ocrx_word' id='word_1_114' title='bbox 510 1858 598 1925; x_wconf 88' lang='lat' dir='ltr'>donis,</span> <span class='ocrx_word' id='word_1_115' title='bbox 613 1875 645 1912; x_wconf 88' lang='lat' dir='ltr'>ao</span> <span class='ocrx_word' id='word_1_116' title='bbox 658 1859 725 1913; x_wconf 84' lang='lat' dir='ltr'>talia</span> <span class='ocrx_word' id='word_1_117' title='bbox 736 1858 827 1911; x_wconf 81' lang='lat' dir='ltr'>fatur:</span> 
     </span>
    </p>

    <p class='ocr_par' dir='ltr' id='par_1_19' title="bbox 184 1947 1068 2016">
     <span class='ocr_line' id='line_1_20' title="bbox 184 1947 1068 2016; baseline -0.007 -15"><span class='ocrx_word' id='word_1_118' title='bbox 184 1948 312 2016; x_wconf 81' lang='lat' dir='ltr'>“Accipe</span> <span class='ocrx_word' id='word_1_119' title='bbox 326 1953 354 2000; x_wconf 91' lang='lat' dir='ltr'>et</span> <span class='ocrx_word' id='word_1_120' title='bbox 365 1947 442 2015; x_wconf 88' lang='lat' dir='ltr'>haec,</span> <span class='ocrx_word' id='word_1_121' title='bbox 458 1963 589 2000; x_wconf 89' lang='lat' dir='ltr'>mannum</span> <span class='ocrx_word' id='word_1_122' title='bbox 603 1947 654 2000; x_wconf 88' lang='lat' dir='ltr'>tibi</span> <span class='ocrx_word' id='word_1_123' title='bbox 667 1963 736 2015; x_wconf 91' lang='lat' dir='ltr'>qnae</span> <span class='ocrx_word' id='word_1_124' title='bbox 750 1950 932 1999; x_wconf 85' lang='lat' dir='ltr'>monumenta</span> <span class='ocrx_word' id='word_1_125' title='bbox 943 1959 1068 1998; x_wconf 88' lang='lat' dir='ltr'>mearum</span> 
     </span>
    </p>

    <p class='ocr_par' dir='ltr' id='par_1_20' title="bbox 182 2034 1028 2104">
     <span class='ocr_line' id='line_1_21' title="bbox 182 2034 1028 2104; baseline -0.007 -15"><span class='ocrx_word' id='word_1_126' title='bbox 182 2035 251 2104; x_wconf 82' lang='lat' dir='ltr'>Sint,</span> <span class='ocrx_word' id='word_1_127' title='bbox 266 2052 342 2104; x_wconf 87' lang='lat' dir='ltr'>puer,</span> <span class='ocrx_word' id='word_1_128' title='bbox 357 2042 385 2088; x_wconf 88' lang='lat' dir='ltr'>et</span> <span class='ocrx_word' id='word_1_129' title='bbox 397 2035 509 2104; x_wconf 89' lang='lat' dir='ltr'>longum</span> <span class='ocrx_word' id='word_1_130' title='bbox 522 2034 736 2088; x_wconf 85' lang='lat' dir='ltr'>Andromachae</span> <span class='ocrx_word' id='word_1_131' title='bbox 748 2039 886 2088; x_wconf 86' lang='lat' dir='ltr'>testentur</span> <span class='ocrx_word' id='word_1_132' title='bbox 899 2048 1028 2100; x_wconf 89' lang='lat' dir='ltr'>amorem,</span> 
     </span>
    </p>

    <p class='ocr_par' dir='ltr' id='par_1_21' title="bbox 183 2122 957 2190">
     <span class='ocr_line' id='line_1_22' title="bbox 183 2122 957 2190; baseline -0.006 -14"><span class='ocrx_word' id='word_1_133' title='bbox 183 2123 313 2190; x_wconf 77' lang='lat' dir='ltr'>Coniugis</span> <span class='ocrx_word' id='word_1_134' title='bbox 326 2122 489 2176; x_wconf 87' lang='lat' dir='ltr'>Hectoreae.</span> <span class='ocrx_word' id='word_1_135' title='bbox 528 2122 602 2190; x_wconf 82' lang='lat' dir='ltr'>(laps</span> <span class='ocrx_word' id='word_1_136' title='bbox 616 2122 688 2175; x_wconf 88' lang='lat' dir='ltr'>dona</span> <span class='ocrx_word' id='word_1_137' title='bbox 701 2127 825 2176; x_wconf 83' lang='lat' dir='ltr'>extrema</span> <span class='ocrx_word' id='word_1_138' title='bbox 836 2127 957 2187; x_wconf 90' lang='lat' dir='ltr'>tuorum,</span> 
     </span>
    </p>

    <p class='ocr_par' dir='ltr' id='par_1_22' title="bbox 183 2209 828 2278">
     <span class='ocr_line' id='line_1_23' title="bbox 183 2209 828 2278; baseline -0.002 -15"><span class='ocrx_word' id='word_1_139' title='bbox 183 2209 207 2263; x_wconf 93' lang='grc' dir='ltr'>Ο</span> <span class='ocrx_word' id='word_1_140' title='bbox 220 2210 287 2262; x_wconf 91' lang='lat' dir='ltr'>mihi</span> <span class='ocrx_word' id='word_1_141' title='bbox 301 2209 360 2263; x_wconf 89' lang='lat' dir='ltr'>sola</span> <span class='ocrx_word' id='word_1_142' title='bbox 372 2210 426 2262; x_wconf 91' lang='lat' dir='ltr'>mei</span> <span class='ocrx_word' id='word_1_143' title='bbox 440 2226 521 2277; x_wconf 89' lang='lat' dir='ltr'>super</span> <span class='ocrx_word' id='word_1_144' title='bbox 534 2210 714 2276; x_wconf 87' lang='lat' dir='ltr'>Astyanactis</span> <span class='ocrx_word' id='word_1_145' title='bbox 727 2210 828 2278; x_wconf 85' lang='lat' dir='ltr'>imago.</span> 
     </span>
    </p>

    <p class='ocr_par' dir='ltr' id='par_1_23' title="bbox 183 2296 820 2364">
     <span class='ocr_line' id='line_1_24' title="bbox 183 2296 820 2364; baseline 0 -14"><span class='ocrx_word' id='word_1_146' title='bbox 183 2297 228 2351; x_wconf 86' lang='lat' dir='ltr'>Sic</span> <span class='ocrx_word' id='word_1_147' title='bbox 241 2297 342 2364; x_wconf 89' lang='lat' dir='ltr'>oculos,</span> <span class='ocrx_word' id='word_1_148' title='bbox 358 2297 395 2350; x_wconf 90' lang='lat' dir='ltr'>sic</span> <span class='ocrx_word' id='word_1_149' title='bbox 408 2296 454 2350; x_wconf 87' lang='lat' dir='ltr'>illc</span> <span class='ocrx_word' id='word_1_150' title='bbox 467 2313 571 2363; x_wconf 86' lang='lat' dir='ltr'>manns,</span> <span class='ocrx_word' id='word_1_151' title='bbox 584 2297 623 2350; x_wconf 88' lang='lat' dir='ltr'>sio</span> <span class='ocrx_word' id='word_1_152' title='bbox 637 2313 686 2350; x_wconf 93' lang='lat' dir='ltr'>ora</span> <span class='ocrx_word' id='word_1_153' title='bbox 700 2297 820 2361; x_wconf 78' lang='lat' dir='ltr'>ferebat3</span> 
     </span>
    </p>

    <p class='ocr_par' dir='ltr' id='par_1_24' title="bbox 182 2383 811 2453">
     <span class='ocr_line' id='line_1_25' title="bbox 182 2383 811 2453; baseline 0 -15"><span class='ocrx_word' id='word_1_154' title='bbox 182 2385 219 2438; x_wconf 86' lang='lat' dir='ltr'>Et</span> <span class='ocrx_word' id='word_1_155' title='bbox 231 2401 304 2438; x_wconf 91' lang='lat' dir='ltr'>nunc</span> <span class='ocrx_word' id='word_1_156' title='bbox 317 2384 423 2453; x_wconf 88' lang='lat' dir='ltr'>aequali</span> <span class='ocrx_word' id='word_1_157' title='bbox 434 2390 528 2438; x_wconf 87' lang='lat' dir='ltr'>tecum</span> <span class='ocrx_word' id='word_1_158' title='bbox 540 2384 702 2452; x_wconf 89' lang='lat' dir='ltr'>pubesceret</span> <span class='ocrx_word' id='word_1_159' title='bbox 714 2383 811 2438; x_wconf 84' lang='lat' dir='ltr'>aevo.&#39;&#39;</span> 
     </span>
    </p>

    <p class='ocr_par' dir='ltr' id='par_1_25' title="bbox 182 2471 869 2540">
     <span class='ocr_line' id='line_1_26' title="bbox 182 2471 869 2540; baseline -0.003 -15"><span class='ocrx_word' id='word_1_160' title='bbox 182 2472 242 2526; x_wconf 90' lang='lat' dir='ltr'>Hos</span> <span class='ocrx_word' id='word_1_161' title='bbox 255 2489 306 2540; x_wconf 85' lang='lat' dir='ltr'>ego</span> <span class='ocrx_word' id='word_1_162' title='bbox 318 2471 474 2538; x_wconf 86' lang='lat' dir='ltr'>digrediens</span> <span class='ocrx_word' id='word_1_163' title='bbox 485 2471 606 2525; x_wconf 91' lang='lat' dir='ltr'>lacrimis</span> <span class='ocrx_word' id='word_1_164' title='bbox 619 2471 735 2526; x_wconf 86' lang='lat' dir='ltr'>adfabar</span> <span class='ocrx_word' id='word_1_165' title='bbox 748 2471 869 2525; x_wconf 90' lang='lat' dir='ltr'>obortis:</span> 
     </span>
    </p>

    <p class='ocr_par' dir='ltr' id='par_1_26' title="bbox 185 2541 848 2627">
     <span class='ocr_line' id='line_1_27' title="bbox 185 2541 848 2627; baseline -0.002 -14"><span class='ocrx_word' id='word_1_166' title='bbox 185 2561 203 2588; x_wconf 82' lang='lat'>“</span> <span class='ocrx_word' id='word_1_167' title='bbox 213 2559 309 2614; x_wconf 83' lang='lat' dir='ltr'>Viuite</span> <span class='ocrx_word' id='word_1_168' title='bbox 322 2541 425 2626; x_wconf 82' lang='lat' dir='ltr'>felices,</span> <span class='ocrx_word' id='word_1_169' title='bbox 440 2559 539 2626; x_wconf 89' lang='lat' dir='ltr'>quibas</span> <span class='ocrx_word' id='word_1_170' title='bbox 552 2563 594 2611; x_wconf 89' lang='lat' dir='ltr'>est</span> <span class='ocrx_word' id='word_1_171' title='bbox 609 2559 722 2612; x_wconf 85' lang='lat' dir='ltr'>fortuna</span> <span class='ocrx_word' id='word_1_172' title='bbox 735 2564 848 2627; x_wconf 89' lang='lat' dir='ltr'>peracta</span> 
     </span>
    </p>

    <p class='ocr_par' dir='ltr' id='par_1_27' title="bbox 183 2644 835 2712">
     <span class='ocr_line' id='line_1_28' title="bbox 183 2644 835 2712; baseline 0.003 -14"><span class='ocrx_word' id='word_1_173' title='bbox 183 2644 242 2698; x_wconf 89' lang='lat' dir='ltr'>Iam</span> <span class='ocrx_word' id='word_1_174' title='bbox 253 2662 316 2712; x_wconf 82' lang='lat' dir='ltr'>sua3</span> <span class='ocrx_word' id='word_1_175' title='bbox 336 2661 387 2698; x_wconf 91' lang='lat' dir='ltr'>nos</span> <span class='ocrx_word' id='word_1_176' title='bbox 400 2644 453 2698; x_wconf 87' lang='lat' dir='ltr'>alia</span> <span class='ocrx_word' id='word_1_177' title='bbox 466 2661 499 2698; x_wconf 87' lang='lat' dir='ltr'>ex</span> <span class='ocrx_word' id='word_1_178' title='bbox 513 2645 573 2698; x_wconf 85' lang='lat' dir='ltr'>aliis</span> <span class='ocrx_word' id='word_1_179' title='bbox 584 2645 614 2697; x_wconf 90' lang='lat' dir='ltr'>in</span> <span class='ocrx_word' id='word_1_180' title='bbox 626 2645 683 2698; x_wconf 85' lang='lat' dir='ltr'>fata</span> <span class='ocrx_word' id='word_1_181' title='bbox 695 2662 835 2700; x_wconf 90' lang='lat' dir='ltr'>vocamur.</span> 
     </span>
    </p>

    <p class='ocr_par' dir='ltr' id='par_1_28' title="bbox 184 2731 963 2801">
     <span class='ocr_line' id='line_1_29' title="bbox 184 2731 963 2801; baseline -0.004 -15"><span class='ocrx_word' id='word_1_182' title='bbox 184 2732 273 2786; x_wconf 90' lang='lat' dir='ltr'>Vobis</span> <span class='ocrx_word' id='word_1_183' title='bbox 285 2737 365 2801; x_wconf 89' lang='lat' dir='ltr'>parta</span> <span class='ocrx_word' id='word_1_184' title='bbox 377 2732 468 2800; x_wconf 75' lang='lat' dir='ltr'>quies,</span> <span class='ocrx_word' id='word_1_185' title='bbox 489 2732 595 2786; x_wconf 89' lang='lat' dir='ltr'>nullum</span> <span class='ocrx_word' id='word_1_186' title='bbox 608 2733 692 2786; x_wconf 87' lang='lat' dir='ltr'>maris</span> <span class='ocrx_word' id='word_1_187' title='bbox 704 2750 807 2801; x_wconf 90' lang='lat' dir='ltr'>aequor</span> <span class='ocrx_word' id='word_1_188' title='bbox 821 2731 963 2798; x_wconf 86' lang='lat' dir='ltr'>arandum,</span> 
     </span>
    </p>

    <p class='ocr_par' dir='ltr' id='par_1_29' title="bbox 184 2820 866 2889">
     <span class='ocr_line' id='line_1_30' title="bbox 184 2820 866 2889; baseline 0.001 -16"><span class='ocrx_word' id='word_1_189' title='bbox 184 2820 262 2873; x_wconf 88' lang='lat' dir='ltr'>Arva</span> <span class='ocrx_word' id='word_1_190' title='bbox 274 2837 362 2888; x_wconf 89' lang='lat' dir='ltr'>neque</span> <span class='ocrx_word' id='word_1_191' title='bbox 376 2820 516 2874; x_wconf 88' lang='lat' dir='ltr'>Ausoniae</span> <span class='ocrx_word' id='word_1_192' title='bbox 529 2837 639 2889; x_wconf 90' lang='lat' dir='ltr'>semper</span> <span class='ocrx_word' id='word_1_193' title='bbox 652 2820 778 2874; x_wconf 84' lang='lat' dir='ltr'>cedentia</span> <span class='ocrx_word' id='word_1_194' title='bbox 790 2826 866 2874; x_wconf 84' lang='lat' dir='ltr'>retro</span> 
     </span>
    </p>

    <p class='ocr_par' dir='ltr' id='par_1_30' title="bbox 185 2904 926 2976">
     <span class='ocr_line' id='line_1_31' title="bbox 185 2904 926 2976; baseline -0.001 -16"><span class='ocrx_word' id='word_1_195' title='bbox 185 2906 355 2971; x_wconf 79' lang='lat' dir='ltr'>Quaerenda.</span> <span class='ocrx_word' id='word_1_196' title='bbox 387 2904 513 2974; x_wconf 87' lang='lat' dir='ltr'>Effigiem</span> <span class='ocrx_word' id='word_1_197' title='bbox 522 2907 627 2960; x_wconf 88' lang='lat' dir='ltr'>Xanthi</span> <span class='ocrx_word' id='word_1_198' title='bbox 638 2906 805 2976; x_wconf 88' lang='lat' dir='ltr'>Troiamque</span> <span class='ocrx_word' id='word_1_199' title='bbox 819 2907 926 2973; x_wconf 86' lang='lat' dir='ltr'>videtis,</span> 
     </span>
    </p>

    <p class='ocr_par' dir='ltr' id='par_1_31' title="bbox 185 2993 888 3062">
     <span class='ocr_line' id='line_1_32' title="bbox 185 2993 888 3062; baseline 0.004 -17"><span class='ocrx_word' id='word_1_200' title='bbox 185 2993 272 3058; x_wconf 83' lang='lat' dir='ltr'>Quam</span> <span class='ocrx_word' id='word_1_201' title='bbox 286 2998 394 3047; x_wconf 87' lang='lat' dir='ltr'>vestrae</span> <span class='ocrx_word' id='word_1_202' title='bbox 407 2993 496 3046; x_wconf 87' lang='lat' dir='ltr'>fecere</span> <span class='ocrx_word' id='word_1_203' title='bbox 508 3011 614 3061; x_wconf 89' lang='lat' dir='ltr'>manas,</span> <span class='ocrx_word' id='word_1_204' title='bbox 629 2993 797 3060; x_wconf 90' lang='lat' dir='ltr'>melioribus,</span> <span class='ocrx_word' id='word_1_205' title='bbox 812 2999 888 3062; x_wconf 91' lang='lat' dir='ltr'>opto,</span> 
     </span>
    </p>

    <p class='ocr_par' dir='ltr' id='par_1_32' title="bbox 184 3081 853 3149">
     <span class='ocr_line' id='line_1_33' title="bbox 184 3081 853 3149; baseline 0.001 -16"><span class='ocrx_word' id='word_1_206' title='bbox 184 3081 329 3148; x_wconf 79' lang='lat' dir='ltr'>Auspiciis,</span> <span class='ocrx_word' id='word_1_207' title='bbox 345 3085 373 3133; x_wconf 87' lang='lat' dir='ltr'>et</span> <span class='ocrx_word' id='word_1_208' title='bbox 386 3098 456 3149; x_wconf 90' lang='lat' dir='ltr'>quae</span> <span class='ocrx_word' id='word_1_209' title='bbox 468 3081 551 3134; x_wconf 85' lang='lat' dir='ltr'>fuerit</span> <span class='ocrx_word' id='word_1_210' title='bbox 565 3083 654 3132; x_wconf 90' lang='lat' dir='ltr'>minus</span> <span class='ocrx_word' id='word_1_211' title='bbox 669 3081 750 3134; x_wconf 90' lang='lat' dir='ltr'>obvia</span> <span class='ocrx_word' id='word_1_212' title='bbox 764 3081 853 3135; x_wconf 82' lang='lat' dir='ltr'>Grais.</span> 
     </span>
    </p>

    <p class='ocr_par' dir='ltr' id='par_1_33' title="bbox 185 3167 877 3236">
     <span class='ocr_line' id='line_1_34' title="bbox 185 3167 877 3236; baseline 0.001 -15"><span class='ocrx_word' id='word_1_213' title='bbox 185 3168 214 3222; x_wconf 89' lang='lat' dir='ltr'>Si</span> <span class='ocrx_word' id='word_1_214' title='bbox 227 3167 336 3236; x_wconf 89' lang='lat' dir='ltr'>quando</span> <span class='ocrx_word' id='word_1_215' title='bbox 348 3167 481 3234; x_wconf 88' lang='lat' dir='ltr'>Thybrim</span> <span class='ocrx_word' id='word_1_216' title='bbox 495 3168 638 3235; x_wconf 89' lang='lat' dir='ltr'>vicinaque</span> <span class='ocrx_word' id='word_1_217' title='bbox 651 3167 798 3234; x_wconf 89' lang='lat' dir='ltr'>Thybridis</span> <span class='ocrx_word' id='word_1_218' title='bbox 811 3185 877 3222; x_wconf 87' lang='lat' dir='ltr'>arva</span> 
     </span>
    </p>

    <p class='ocr_par' dir='ltr' id='par_1_34' title="bbox 184 3254 853 3324">
     <span class='ocr_line' id='line_1_35' title="bbox 184 3254 853 3324; baseline 0.003 -18"><span class='ocrx_word' id='word_1_219' title='bbox 184 3254 294 3309; x_wconf 88' lang='lat' dir='ltr'>Intrare</span> <span class='ocrx_word' id='word_1_220' title='bbox 306 3255 436 3324; x_wconf 89' lang='lat' dir='ltr'>gentique</span> <span class='ocrx_word' id='word_1_221' title='bbox 448 3271 525 3308; x_wconf 83' lang='lat' dir='ltr'>meae</span> <span class='ocrx_word' id='word_1_222' title='bbox 537 3254 602 3310; x_wconf 89' lang='lat' dir='ltr'>data</span> <span class='ocrx_word' id='word_1_223' title='bbox 614 3255 723 3308; x_wconf 88' lang='lat' dir='ltr'>moenia</span> <span class='ocrx_word' id='word_1_224' title='bbox 735 3271 853 3323; x_wconf 87' lang='lat' dir='ltr'>cernam,</span> 
     </span>
    </p>

    <p class='ocr_par' dir='ltr' id='par_1_35' title="bbox 183 3341 866 3410">
     <span class='ocr_line' id='line_1_36' title="bbox 183 3341 866 3410; baseline -0.003 -14"><span class='ocrx_word' id='word_1_225' title='bbox 183 3341 324 3410; x_wconf 71' lang='lat' dir='ltr'>&#39;Cognatas</span> <span class='ocrx_word' id='word_1_226' title='bbox 336 3343 418 3396; x_wconf 90' lang='lat' dir='ltr'>urbes</span> <span class='ocrx_word' id='word_1_227' title='bbox 430 3341 494 3394; x_wconf 89' lang='lat' dir='ltr'>olim</span> <span class='ocrx_word' id='word_1_228' title='bbox 509 3341 678 3409; x_wconf 90' lang='lat' dir='ltr'>populosque</span> <span class='ocrx_word' id='word_1_229' title='bbox 691 3343 866 3410; x_wconf 90' lang='lat' dir='ltr'>propinquos,</span> 
     </span>
    </p>

    <p class='ocr_par' dir='ltr' id='par_1_36' title="bbox 185 3423 902 3498">
     <span class='ocr_line' id='line_1_37' title="bbox 185 3423 902 3498; baseline -0.001 -17"><span class='ocrx_word' id='word_1_230' title='bbox 185 3427 278 3498; x_wconf 87' lang='lat' dir='ltr'>Epiro,</span> <span class='ocrx_word' id='word_1_231' title='bbox 294 3429 434 3498; x_wconf 83' lang='lat' dir='ltr'>Hesperia,</span> <span class='ocrx_word' id='word_1_232' title='bbox 450 3428 549 3496; x_wconf 91' lang='lat' dir='ltr'>quibus</span> <span class='ocrx_word' id='word_1_233' title='bbox 562 3423 635 3481; x_wconf 86' lang='lat' dir='ltr'>idem</span> <span class='ocrx_word' id='word_1_234' title='bbox 648 3427 793 3482; x_wconf 89' lang='lat' dir='ltr'>Dardanus</span> <span class='ocrx_word' id='word_1_235' title='bbox 805 3431 902 3482; x_wconf 87' lang='lat' dir='ltr'>auctor</span> 
     </span>
    </p>

    <p class='ocr_par' dir='ltr' id='par_1_37' title="bbox 185 3515 864 3584">
     <span class='ocr_line' id='line_1_38' title="bbox 185 3515 864 3584; baseline -0.003 -14"><span class='ocrx_word' id='word_1_236' title='bbox 185 3517 278 3584; x_wconf 86' lang='lat' dir='ltr'>Atque</span> <span class='ocrx_word' id='word_1_237' title='bbox 290 3517 362 3568; x_wconf 90' lang='lat' dir='ltr'>idem</span> <span class='ocrx_word' id='word_1_238' title='bbox 377 3533 462 3579; x_wconf 86' lang='lat' dir='ltr'>casus,</span> <span class='ocrx_word' id='word_1_239' title='bbox 478 3530 560 3567; x_wconf 88' lang='lat' dir='ltr'>unam</span> <span class='ocrx_word' id='word_1_240' title='bbox 574 3515 706 3568; x_wconf 81' lang='lat' dir='ltr'>iaciemus</span> <span class='ocrx_word' id='word_1_241' title='bbox 719 3521 864 3584; x_wconf 88' lang='lat' dir='ltr'>utramque</span> 
     </span>
    </p>
   </div>
   <div class='ocr_carea' id='block_1_3' title="bbox 0 0 1376 3936">
    <p class='ocr_par' dir='ltr' id='par_1_38' title="bbox 0 0 1376 3936">
     <span class='ocr_line' id='line_1_39' title="bbox 0 0 1376 3936; baseline 0 0"><span class='ocrx_word' id='word_1_242' title='bbox 0 0 1376 3936; x_wconf 95' lang='lat' dir='ltr'> </span> 
     </span>
    </p>
   </div>
  </div>
 </body>
</html>
