2706 3938
430 221 566 270 VllllGlbl
589 220 754 270 AENEIDOS
775 219 834 269 Vll.
888 281 892 294 .

131 382 274 438 Deseruere
287 383 392 451 domos,
406 384 497 437 ventis
510 384 579 438 dant
591 382 662 437 eolla
674 397 836 450 comasque;

130 471 178 524 Ast
189 471 257 525 aliae
269 471 394 525 tremulis
407 471 558 526 ululatibus
570 470 684 524 aethera
696 468 845 536 complent,

130 556 338 627 Pampineasque
352 564 453 625 gerunt
465 559 601 612 incinctae
615 555 734 625 pellibus
745 554 847 608 hastas.

130 644 187 713 Ipsa
197 647 269 700 inter
281 644 385 698 medias
397 644 560 712 flagrantem
572 643 681 698 fervida
693 641 788 711 pinum

129 732 252 801 Sustinet,
267 749 298 786 ac
310 740 393 785 natae
407 730 546 801 Turnique
560 731 635 786 canit
648 730 824 797 hymenaeos,

128 823 303 890 Sanguineam
316 825 448 888 torquens
462 820 558 888 aciem,
572 825 739 886 torvumque
751 821 865 885 repente

129 907 244 963 Olamat:
268 910 284 938 ‘⁴
294 909 326 962 Io
338 916 449 975 matres,
468 907 570 974 audite,
585 906 633 959 ubi
647 920 777 974 quaeque,
791 903 920 958 Latinae!

129 995 154 1049 si
165 1014 216 1066 qna
226 997 280 1066 piis
293 996 393 1051 animis
407 1000 500 1050 manet
514 993 635 1048 infelicis
648 991 766 1046 Amatae

128 1083 224 1154 Gratia,
239 1085 262 1138 si
273 1085 342 1138 iuris
356 1083 473 1139 materni
487 1098 554 1136 cura
568 1079 715 1146 remordet,

128 1171 225 1227 Solvite
238 1173 349 1227 crinalis
361 1173 452 1241 vittas,
467 1172 559 1240 capite
574 1169 650 1238 orgia
662 1167 797 1223 mecum.”

128 1256 213 1312 Talem
225 1261 300 1314 inter
313 1260 404 1328 silvas,
418 1260 492 1313 inter
505 1258 614 1312 deserta
626 1257 757 1323 terarum,

127 1345 253 1414 Reginam
268 1347 380 1402 Allecto
393 1347 511 1401 stimulis
525 1345 582 1414 agit
595 1343 716 1411 undique
729 1341 840 1395 Bacchi.

158 1433 307 1503 Postquam
320 1435 379 1488 visa
392 1435 458 1488 satis
471 1435 575 1503 primos
590 1431 694 1485 nonnae
707 1429 823 1496 furores,

127 1520 329 1592 Consiliumque
342 1539 505 1591 omnemque
518 1521 632 1576 domum
646 1517 762 1572 vertisse
775 1515 876 1586 Latini,

127 1607 251 1664 Protinus
265 1610 332 1663 hinc
344 1609 430 1664 tuscis
442 1611 530 1663 tristis
541 1610 593 1664 dea
604 1608 713 1662 tollitur
726 1607 777 1661 alis

128 1694 241 1752 Audaois
255 1697 353 1752 Rutuli
365 1697 399 1750 ad
412 1714 513 1766 muros,
529 1715 610 1766 quam
624 1697 726 1751 dicitur
740 1696 836 1750 urbem

128 1781 292 1839 Acrisioneis
304 1784 400 1838 Danao
414 1785 544 1838 fundasse
556 1784 671 1853 colonie,

126 1868 269 1941 Praecipiti
283 1872 378 1926 delato
391 1871 474 1927 Noto.
511 1871 602 1926 Locus
614 1871 708 1925 Ardea
724 1870 861 1940 quondam

127 1957 217 2013 Dictus
229 1960 297 2028 avis,
313 1965 342 2014 et
354 1977 427 2014 nuno
439 1973 568 2028 magnum
583 1964 659 2014 tenet
673 1959 768 2012 Ardea
779 1975 899 2027 nomen3

127 2044 176 2099 Sed
187 2047 313 2101 Fortuna
325 2048 391 2101 fuit:
412 2048 494 2101 tectis
506 2047 551 2100 hic
564 2047 672 2099 Turnus
683 2047 713 2099 in
728 2046 791 2100 altis

127 2133 179 2186 lam
191 2135 310 2189 mediam
325 2137 403 2202 nigra
415 2135 546 2202 carpebat
558 2139 641 2188 nocte
655 2135 784 2203 quietem.

127 2221 230 2276 Allecto
243 2234 354 2277 torvam
367 2223 464 2276 faciem
477 2228 506 2275 et
518 2222 629 2276 furialia
644 2223 768 2276 membra

126 2307 217 2377 Exuit,
238 2312 268 2364 in
281 2309 375 2364 voltus
387 2327 446 2364 sese
458 2311 640 2363 transformat
652 2310 732 2363 anilis

127 2395 159 2449 Et
166 2398 287 2452 frontem
301 2398 448 2452 obscenam
461 2399 537 2465 rugis
549 2402 623 2465 arat3
645 2399 736 2452 induit
749 2399 827 2453 albos

128 2483 190 2537 Cum
204 2487 274 2540 vitta
287 2485 386 2549 crinis;
406 2490 464 2538 turn
479 2502 587 2538 ramum
600 2485 718 2540 innectit
731 2487 837 2554 olivae;

127 2570 168 2624 Fit
180 2573 283 2640 Calybe
297 2572 412 2626 Iunonis
424 2589 492 2626 nnus
504 2573 655 2642 templique
669 2574 804 2639 sacerdos,

127 2657 159 2712 Et
170 2660 262 2714 iuveni
275 2666 342 2715 ante
355 2660 450 2713 oculos
463 2659 506 2712 his
518 2677 548 2714 se
562 2677 624 2714 cnm
639 2663 753 2716 vocibus
766 2661 863 2716 offert:

129 2748 143 2774 “
152 2747 246 2812 Turne,
261 2755 308 2802 tot
321 2749 455 2801 incassum
469 2748 546 2801 fusos
559 2750 665 2817 patiere
678 2749 793 2817 labores,

127 2830 160 2887 Et
171 2842 217 2890 tna
230 2836 380 2890 Dardaniis
392 2837 538 2891 transcribi
556 2843 666 2906 sceptra
680 2838 802 2892 colonisl

127 2918 182 2974 Rex
194 2924 243 2977 tibi
256 2923 415 2990 coniugium
430 2929 458 2978 et
471 2925 608 2992 quaesitas
621 2925 752 2992 sanguine
765 2924 844 2979 dotes

128 3006 258 3080 Abnegat,
274 3015 461 3080 externusque
473 3011 502 3064 in
515 3028 631 3080 regnum
644 3013 786 3080 quaeritur
797 3012 886 3066 heres.

127 3093 227 3166 launo,
241 3098 362 3166 ingratis
374 3099 444 3152 offer
458 3104 494 3166 te,
508 3100 601 3166 inrisa,
616 3100 742 3168 periclis;

128 3180 285 3254 Tyrrhenas,
300 3184 318 3253 i,
333 3191 426 3239 sterne
440 3187 528 3253 acies;
549 3194 612 3253 tege
624 3203 691 3254 pace
705 3186 824 3240 Latinos.

128 3268 197 3327 Haec
208 3275 278 3328 adeo
291 3275 345 3330 tibi
357 3291 410 3341 me,
425 3274 534 3342 placida
546 3291 609 3328 cum
621 3280 704 3328 nocte
716 3274 827 3340 iaceres,

128 3355 187 3426 Ipsa
198 3362 288 3429 palam
302 3362 355 3415 fori
370 3361 546 3430 omnipotens
560 3361 692 3415 Saturnia
704 3361 790 3414 iussit.

129 3445 212 3512 Quare
225 3468 283 3518 age,
299 3456 329 3503 et
341 3448 443 3501 armari
453 3448 553 3516 pubem
570 3448 711 3516 portisque
724 3448 829 3500 moveri

128 3531 222 3590 Laetus
233 3537 264 3590 in
277 3553 356 3590 arma
368 3551 442 3604 para,
458 3539 486 3588 et
499 3535 645 3603 Phrygioa
661 3535 708 3603 qui
720 3534 832 3588 flumine
847 3534 961 3602 pulchro

208 3618 223 3667 9
