2730 3936
462 241 599 291 vnacrm
623 240 788 291 Annnrnos
810 241 844 292 ll.

137 403 264 458 Panthus
277 402 444 472 Othryades,
459 405 530 458 arcis
542 404 703 472 Phoebique
716 403 851 470 sacerdos,

138 491 223 545 Sacra
234 508 321 544 manu
333 492 476 560 victosque
488 491 554 544 deos
566 507 737 560 parvumque
750 496 880 558 nepotem
1111 495 1163 545 320

138 577 201 646 lpse
214 578 310 646 trahit,
325 595 462 647 cursuque
475 595 568 632 amens
581 579 615 631 ad
628 577 724 631 limina
737 577 835 630 tendit.

140 667 157 694 “
166 665 230 730 Quo
243 681 288 718 res
301 682 408 719 summu
420 666 489 734 loeo,
507 666 634 720 Panthui
656 682 737 734 quam
751 665 912 733 prendimus
925 681 1014 718 arcem
1025 665 1036 719 i
1048 665 1064 693 ’'

139 748 196 804 Vix
211 770 243 806 ea
255 753 329 806 fatus
341 770 425 820 eram,
440 754 544 820 gemitu
557 770 620 806 cnm
633 753 700 806 talia
711 752 816 806 reddit:

144 843 158 869 ‘
170 839 260 894 Venit
272 856 378 893 summa
390 840 449 893 dies
461 847 489 892 et
502 839 677 894 ineluctabile
690 845 799 908 tempus

140 925 307 981 Dardaniae.
344 927 458 980 Fuimus
471 927 562 995 Troes,
579 928 632 980 fnit
644 927 725 980 llium
740 932 768 980 et
782 927 877 994 ingens

140 1013 238 1068 Gloria
251 1013 433 1080 Teucrorum3
453 1015 529 1067 ferus
543 1015 636 1068 omnia
650 1014 775 1082 Iuppiter
789 1014 880 1081 Argos

139 1101 307 1167 Transtulit;
328 1102 439 1155 incensa
450 1102 540 1156 Danai
553 1101 731 1154 dominantur
743 1101 771 1153 in
784 1100 859 1155 urbe.

139 1189 255 1242 Arduus
268 1195 388 1242 armatos
400 1189 539 1242 mediisin
553 1187 697 1242 moenibus
710 1193 802 1240 astans

139 1275 245 1328 Fundit
258 1292 351 1344 equus,
365 1277 507 1346 victorque
521 1276 607 1330 Sinon
619 1274 746 1328 incendia
759 1275 858 1328 miscet

138 1362 290 1417 Insultans.
327 1363 421 1417 Portis
433 1364 479 1418 alii
492 1363 679 1432 bipatentibus
693 1361 801 1430 adsunt,

139 1449 219 1504 Milia
231 1455 301 1518 quot
312 1451 417 1518 magnis
430 1467 557 1519 umquam
573 1465 673 1503 venere
687 1448 825 1516 Mycenis;

140 1537 283 1591 Obsedere
295 1538 340 1590 alii
355 1538 415 1591 telis
428 1545 543 1606 angusta
557 1539 661 1592 viarum

139 1625 284 1693 Oppositi3
306 1631 361 1678 stat
373 1626 441 1679 ferri
454 1627 526 1679 acies
538 1642 669 1678 mucrone
683 1640 796 1678 corusco

139 1712 251 1779 Stricta,
266 1718 362 1780 parata
374 1713 451 1780 neci3
472 1713 519 1766 vix
531 1713 613 1781 primi
626 1713 732 1781 proelia
745 1717 883 1780 temptant

138 1798 289 1852 Portarum
302 1799 406 1867 vigiles,
421 1805 449 1853 et
461 1817 542 1854 caeco
555 1800 644 1853 Marte
658 1798 816 1852 resistunt.'’

138 1885 253 1939 Talibus
266 1886 425 1953 Othryadae
437 1888 519 1941 dictis
532 1893 559 1940 et
573 1887 683 1942 numine
696 1887 790 1941 divom

138 1972 172 2025 ln
186 1972 311 2026 flammas
323 1978 351 2027 et
363 1973 393 2026 in
406 1971 481 2028 arma
492 1976 577 2040 feror,
592 1992 646 2044 quo
659 1976 746 2029 tristis
758 1976 867 2046 Erinys,

140 2059 204 2124 Quo
217 2060 345 2114 fremitus
358 2069 438 2115 vocat
450 2067 479 2115 et
491 2062 614 2116 sublatus
626 2063 660 2118 ad
675 2064 787 2118 aethera
799 2065 911 2120 elamor.

138 2147 259 2224 Addunt
271 2165 300 2200 se
312 2149 400 2202 socios
412 2149 534 2217 Ripheus
546 2155 574 2203 et
587 2152 722 2204 maximus
735 2153 818 2205 armis

137 2233 256 2302 Epytus,
271 2235 354 2289 oblati
368 2253 417 2304 per
430 2236 530 2306 lunam,
545 2237 724 2307 Hypanisque
739 2238 905 2310 Dymasque,

138 2321 177 2374 Et
190 2321 272 2375 lateri
285 2322 475 2390 agglomerant
487 2328 589 2391 nostro,
605 2326 765 2395 iuvenisque
779 2326 928 2396 Coroebus,

138 2408 331 2476 Mygdonides,
369 2408 426 2462 Illis
439 2411 474 2463 ad
486 2410 595 2464 Troiam
608 2412 681 2467 forte
693 2413 790 2467 diebus

138 2495 273 2563 Venerat,
287 2496 384 2550 insano
397 2496 566 2551 Cassandrae
578 2499 706 2553 incensus
722 2518 823 2568 amore,

138 2583 176 2636 Et
189 2600 274 2651 gener
286 2583 418 2637 auxilium
430 2584 542 2639 Priamo
555 2585 764 2656 Phrygibusque
777 2589 893 2655 ferebat,

137 2669 250 2733 Infelix,
265 2670 311 2739 qui
324 2687 380 2723 nou
393 2688 508 2740 sponsae
521 2681 669 2742 praecepta
683 2675 799 2728 furentis

139 2757 279 2811 Audierit.

139 2843 216 2909 Quos
228 2844 277 2897 ubi
290 2845 432 2899 confertos
444 2847 545 2902 audere
558 2848 586 2900 in
600 2849 704 2918 proelia
716 2851 781 2916 vidi,

137 2931 246 2999 Incipio
259 2948 342 3000 super
353 2932 412 2986 his:
436 2935 452 2962 “
462 2933 585 3001 Iuvenes,
602 2937 753 2991 fortissima
765 2939 867 2993 frustra

137 3017 264 3082 Pectora,
280 3019 302 3070 si
316 3020 395 3073 vobis
407 3020 555 3074 audentem
569 3027 693 3078 extrema
707 3025 807 3093 cupido

138 3104 222 3159 Certa
234 3106 419 3175 sequi-quae
429 3109 464 3160 sit
476 3109 558 3162 rebus
571 3109 683 3164 fortuna
697 3111 810 3166 videtis:

137 3192 288 3246 Excessere
300 3211 402 3260 omnes,
416 3194 505 3261 adytis
519 3196 627 3264 arisque
641 3197 752 3265 relictis,

137 3278 181 3348 Di,
196 3281 296 3348 quibus
309 3281 454 3349 imperium
468 3281 522 3335 hoc
535 3287 664 3349 steterat,
686 3287 845 3340 succurritis
859 3286 920 3341 urbi

136 3366 466 3433 Incensae-moriamnr,
480 3373 509 3421 et
521 3369 550 3422 iu
562 3371 654 3424 media
666 3388 743 3426 arma
755 3390 874 3428 ruamus.

136 3451 200 3509 Una
210 3454 285 3508 salus
299 3455 385 3521 victis,
400 3454 504 3508 nullam
518 3473 629 3524 sperare
642 3458 787 3514 salutem.”

137 3540 181 3595 Sic
195 3541 294 3596 animis
306 3542 436 3596 iuvenum
450 3543 530 3595 furor
543 3544 659 3598 additus.
699 3545 774 3613 Inde,
788 3547 844 3616 lupi
859 3565 910 3602 ceu
