2656 3940
397 225 535 275 vaccua
557 223 723 274 sanamus
746 223 789 272 XI.

87 389 210 444 Manibus
222 389 277 442 hoc
289 389 402 458 referes,
416 389 473 441 telo
486 386 617 442 cecidisse
631 386 791 442 Camillae.”
859 445 862 451 ,

87 477 215 530 Protinus
228 475 403 529 Orsilochum
416 481 444 529 et
456 475 556 539 Buten,
568 474 625 527 duo
638 475 759 528 maxima
772 475 907 528 Teucrum

88 565 221 632 Corpora:
243 562 289 616 sed
300 562 392 615 Buten
405 578 530 615 aversum
543 561 656 629 cuspide
667 560 729 615 fixit

87 651 208 704 Loricam
223 651 382 719 galeamque
395 652 476 718 inter,
491 666 545 719 qua
558 649 628 702 cella
640 647 760 702 sedentis

87 739 197 806 Lucem,
213 743 242 791 et
253 737 332 791 laevo
345 736 484 806 dependet
496 753 593 806 parma
606 736 723 804 lacert03

87 825 267 893 Orsilochum,
281 825 392 893 fugiens
404 840 589 892 magnumque
602 823 706 891 agitata
718 840 767 892 per
780 824 884 892 orbem,

86 911 178 966 Eludit
191 927 261 980 gyro
273 911 396 980 interior,
412 912 588 980 sequiturque
601 914 776 978 sequentem}

86 999 153 1051 Tum
167 997 285 1052 validam
298 1014 402 1066 perque
414 1014 491 1052 arma
503 996 564 1050 viro
575 1013 679 1066 perque
692 1013 754 1052 ossa
766 998 891 1066 securim,

87 1086 176 1138 Altior
189 1101 348 1154 exsurgens,
364 1088 456 1139 oranti
469 1090 497 1139 et
508 1085 597 1138 multa
608 1086 732 1154 precanti

87 1173 282 1241 Oongeminat3
302 1171 400 1226 volnus
412 1172 501 1226 calido
513 1173 585 1240 rigat
598 1189 648 1227 ora
659 1173 781 1226 cerebra.

85 1260 186 1314 Incidit
197 1259 264 1313 huic
276 1260 420 1329 subitoque
434 1267 546 1328 aspectu
557 1259 671 1313 territus
683 1259 772 1313 haesit

85 1347 322 1417 Appenninicolae
337 1347 453 1401 bellator
465 1347 538 1400 iilius
550 1346 635 1414 Auni,

86 1435 167 1489 Hand
179 1433 311 1502 Ligurum
327 1439 474 1501 extremus,
490 1434 555 1487 dum
568 1434 667 1488 fallere
679 1435 739 1488 iata
751 1434 886 1491 sinebant.

85 1523 173 1592 Isque,
189 1522 235 1574 ubi
249 1539 278 1574 se
290 1522 366 1575 nullo
377 1523 431 1575 iarn
445 1538 526 1576 cursu
539 1522 656 1576 evadere
669 1539 776 1591 pugnae

86 1609 169 1663 Posse
181 1625 273 1677 neque
285 1609 433 1662 instantem
447 1610 571 1678 reginam
584 1617 709 1663 avertere
721 1611 818 1677 cernit,

86 1696 209 1750 Consilio
223 1714 333 1751 versare
345 1697 423 1751 dolos
434 1699 572 1766 ingressus
584 1705 612 1752 et
625 1704 691 1766 astu,

85 1785 186 1854 Incipit
200 1785 282 1838 haec:
306 1785 404 1850 “Quid
415 1791 473 1839 tam
486 1775 634 1854 egregium,
649 1787 671 1838 si
684 1786 787 1839 femina
799 1786 864 1838 furti

84 1872 159 1925 Fidis
172 1873 263 1942 equoi
300 1871 418 1928 Dimitte
431 1874 534 1943 fugam,
547 1881 575 1926 et
586 1879 615 1926 te
628 1874 781 1926 comminus
795 1889 883 1942 aequo

84 1965 193 2020 Mecum
207 1965 288 2019 crede
302 1965 368 2034 solo,
384 1982 545 2035 pugnaeque
558 1965 668 2034 accinge
681 1966 817 2034 pedestri:

83 2053 141 2107 Iam
153 2069 261 2120 nosces
280 2058 395 2107 ventosa
407 2055 478 2108 ferat
490 2053 534 2106 cui
547 2053 635 2122 gloria
647 2052 784 2107 laudem.''

83 2143 177 2212 Dixit3
200 2144 288 2199 atillo
302 2145 394 2200 furens
407 2147 518 2216 acrique
531 2163 646 2202 accensa
658 2146 753 2200 dolore

83 2230 178 2286 Tradit
191 2249 293 2301 equum
307 2233 407 2302 comiti,
422 2234 588 2303 paribusque
601 2233 703 2288 resistit
713 2233 744 2286 in
756 2231 847 2299 armis,

82 2318 155 2373 Ense
168 2319 254 2388 pedes
266 2319 350 2387 nudo,
365 2338 487 2390 puraque
498 2323 628 2376 interrita
642 2338 741 2402 parrqa.

83 2407 123 2460 At
135 2408 252 2476 iuvenis,
268 2409 364 2462 vicisse
378 2408 442 2462 dolo
455 2415 539 2478 ratus,
555 2409 647 2464 avolat
658 2410 725 2480 ipse,

80 2493 163 2548 Haud
175 2512 264 2557 mora,
279 2497 472 2566 conversisque
484 2497 569 2566 fugax
583 2497 707 2551 aufertur·
719 2496 841 2565 habenis,

81 2581 352 2651 Quadrupedemque
364 2585 449 2636 citum
462 2585 565 2638 ferrata
578 2585 651 2638 calce
663 2586 768 2652 fatigat.

82 2669 192 2725 “Vane
205 2670 297 2737 Ligus,
312 2670 467 2740 frustraque
479 2673 578 2726 animis
591 2673 662 2726 elate
675 2673 806 2742 superbis,

79 2756 258 2828 Nequiquam
271 2759 375 2826 patrias
387 2760 528 2827 temptasti
541 2759 663 2813 lubricus
675 2761 750 2824 artie,

79 2845 139 2900 Nec
152 2847 232 2900 fraus
245 2850 274 2898 te
285 2845 448 2900 incolumem
462 2847 552 2901 fallaci
565 2848 687 2916 perferet
698 2847 810 2901 Auno.”

78 2933 156 2988 Haec
168 2933 248 2987 fatur
261 2932 346 3002 virgo,
361 2939 389 2987 et
401 2935 557 3002 pernicibus
569 2935 649 3003 ignea
662 2934 762 3003 plantis

77 3021 191 3076 Transit
205 3037 305 3090 equum
320 3038 408 3089 cursu,
423 3023 560 3091 frenisque
574 3023 688 3076 adversa
700 3023 843 3092 prehensis

77 3108 268 3179 Congreditur
281 3125 436 3177 poenasque
450 3109 562 3163 inimico
575 3126 609 3162 ex
626 3111 759 3178 sanguine
772 3111 870 3163 sumit:

77 3196 167 3261 Quam
179 3196 261 3250 facile
275 3196 408 3264 accipiter
421 3213 487 3250 saxo
501 3213 576 3250 sacer
590 3196 646 3250 ales
659 3198 693 3251 ab
706 3197 764 3251 alto

76 3283 270 3352 Consequitur
281 3283 380 3352 pennis
393 3284 537 3337 sublimem
552 3285 582 3336 in
594 3285 668 3338 nube
681 3284 843 3338 columbam.

76 3370 336 3442 Comprensamque
350 3376 432 3439 tenet,
449 3371 618 3440 pedibusque
631 3371 766 3425 eviscerat
779 3371 870 3436 uncis3

75 3457 147 3512 Turn
161 3476 246 3513 cruor
258 3464 287 3512 et
300 3457 394 3512 vulsae
406 3459 537 3512 labuntur
550 3459 584 3512 ab
598 3459 711 3512 aethere
723 3459 841 3526 plumae.

112 3547 155 3599 At
167 3563 225 3600 nen
237 3546 306 3600 haec
319 3544 403 3598 nullis
417 3546 558 3598 hominum
575 3551 649 3599 sator
662 3551 745 3614 atque
757 3545 872 3598 deorum

199 3650 218 3686 R
357 3643 389 3694 23
