2656 3940
487 225 627 275 VERGILI
650 225 817 274 AENEIDOS
840 225 911 274 VIII.

185 387 249 442 Sole
262 405 459 457 repercussum,
474 393 522 442 aut
535 387 667 442 radlantis
680 387 800 455 imagine
814 385 915 454 Lunae,

186 475 286 529 Omnia
298 476 448 544 pervolitat
459 475 514 529 late
526 475 594 542 loca,
607 475 717 542 iamque
731 474 781 527 sub
794 489 876 527 auras

184 562 308 630 Erigitur
321 563 473 631 summique
485 562 553 616 ferit
566 561 706 630 laquearia
719 561 795 614 tecti.

185 648 250 702 Nox
263 656 329 717 erat,
345 656 373 703 et
386 657 473 703 terras
486 648 615 702 animalia
629 647 700 701 fessa
712 664 762 715 per
779 647 868 701 omnis

186 736 311 789 Alituum
325 735 514 805 pecudumque
527 751 614 803 genus
623 751 707 802 sopor
719 734 791 788 altus
803 734 938 789 habebat:

185 822 256 875 Oum
269 829 347 890 pater
359 823 387 875 in
402 824 462 891 ripa
474 823 611 891 gelidique
625 822 674 874 sub
688 821 808 874 aetheris
820 838 871 876 axo

185 910 302 978 Aeneas,
316 910 389 963 tristi
402 911 530 963 turbatus
544 914 656 977 pectora
667 908 748 976 bello,

184 997 335 1051 Procubuit
348 1014 491 1066 seramque
504 997 581 1050 dedit
592 1013 644 1064 per
656 995 780 1048 membra
792 996 920 1063 quietem.

185 1085 257 1138 Huic
271 1085 337 1139 deus
348 1086 408 1154 ipse
420 1085 474 1138 loci
488 1084 572 1137 fluvio
585 1083 731 1137 Tiberinus
744 1099 861 1137 amoeno

184 1173 321 1241 Populeas
333 1173 407 1226 inter
419 1173 510 1226 senior
524 1189 553 1224 se
566 1171 693 1224 attollere
706 1171 820 1224 frondes

185 1259 369 1314 Visus-eum
383 1260 474 1313 tenuis
484 1258 584 1328 glauco
597 1258 706 1311 velabat
719 1257 823 1310 amictu

185 1347 328 1416 Oarbasus,
343 1355 370 1401 et
383 1348 466 1401 crinis
479 1347 608 1400 umbrosa
620 1345 732 1414 tegebat
746 1345 918 1415 harundo,—

185 1434 253 1488 Tum
266 1437 305 1489 sic
319 1436 408 1489 adfari
421 1440 448 1488 et
462 1451 541 1488 curas
555 1433 598 1485 his
611 1432 720 1485 demere
734 1431 831 1486 dictis:

221 1521 271 1575 “O
285 1527 343 1577 sate
355 1525 438 1590 geute
450 1521 541 1589 deum,
557 1520 704 1574 Troianam
717 1535 751 1572 ex
763 1519 891 1573 hostibus
904 1522 1001 1574 urbem

185 1609 239 1674 Qui
252 1609 360 1663 revehis
372 1609 453 1663 nobis
467 1613 633 1675 aeternaque
647 1605 783 1674 Pergama
795 1623 896 1675 servas,

183 1698 351 1765 Exspectate
363 1696 423 1750 solo
436 1696 568 1751 Laurenti
584 1695 711 1764 arvisque
722 1694 836 1762 Latinis,

184 1784 237 1838 Hic
250 1782 301 1837 tibi
313 1789 389 1837 certa
401 1783 506 1852 domus,
521 1784 662 1838 certi-ne
674 1782 946 1847 absiste—Penates;

112 1905 114 1912 ·
184 1871 246 1926 Neu
259 1873 324 1927 belli
336 1881 441 1928 terrere
454 1872 549 1926 minis:
572 1875 666 1925 tumor
678 1869 769 1924 omnis
780 1876 809 1924 et
821 1871 879 1925 irae

185 1964 350 2019 Concessere
362 1966 452 2021 deum.

183 2049 295 2120 lamque
308 2053 367 2121 tibi,
382 2071 416 2108 ue
430 2071 501 2109 vana
513 2059 594 2124 putes
607 2055 674 2108 haec
686 2053 791 2122 fingere
803 2069 938 2120 somnum,

183 2138 300 2193 Litoreis
313 2141 410 2208 ingens
422 2141 538 2196 inventa
550 2143 601 2195 sab
615 2142 725 2196 illoibus
738 2159 790 2210 sus,

184 2226 307 2294 Triginta
321 2228 442 2296 capitum
455 2229 527 2282 fetus
542 2228 631 2297 enixa,
646 2230 756 2296 iacebit,

184 2318 263 2386 Alba,
279 2318 338 2372 solo
350 2321 492 2387 recubans,
509 2320 564 2375 albi
578 2321 680 2374 circum
695 2320 780 2373 ubera
792 2318 857 2373 nati.

184 2403 237 2457 Hic
249 2403 325 2457 locus
337 2405 413 2458 urbis
426 2405 486 2472 erit,
502 2405 610 2473 requIes
623 2421 656 2458 ea
668 2410 744 2457 certa
756 2403 897 2457 laborum:

183 2489 226 2542 Ex
240 2508 294 2558 quo
307 2491 439 2545 terdenis
452 2492 548 2546 urbem
562 2491 741 2545 redeuntibus
753 2491 832 2544 aunis

184 2578 320 2631 Ascanius
333 2578 399 2632 clari
412 2578 511 2632 condet
525 2579 697 2646 cognominis
710 2578 821 2631 Albam.

184 2663 265 2717 Haud
278 2666 382 2718 incerta
394 2683 471 2719 cano.
509 2665 535 2718 N
537 2683 590 2718 unc
604 2683 657 2734 qua
670 2666 784 2727 ratione,
799 2664 873 2733 quod
884 2664 979 2732 instat,

184 2751 321 2819 Expedias
335 2753 430 2818 vtetur,
445 2753 839 2820 paucls-adverte-docebo

184 2839 307 2892 Arcades
319 2838 362 2891 his
375 2839 437 2903 oris,
452 2856 538 2906 genus
551 2855 567 2892 a
580 2839 704 2892 Pallante
715 2839 880 2907 profectum,

184 2925 235 2990 Qui
250 2943 343 2993 regem
356 2926 514 2979 Euandrum
528 2927 650 2993 comites,
666 2926 712 2994 qui
725 2927 802 2993 signa
815 2925 908 2994 seomi,

182 3012 317 3081 Delegere
329 3013 420 3067 locum
433 3020 461 3067 et
473 3029 589 3082 posuere
601 3014 630 3065 in
644 3013 785 3067 montibus
797 3013 894 3065 urbem

184 3099 318 3154 Pallantis
330 3101 425 3169 proavi
439 3101 473 3154 de
486 3102 598 3154 nornine
614 3100 802 3154 Pallanteum:

185 3187 221 3240 Hi
235 3189 337 3241 bellurn
350 3188 461 3243 adsidue
474 3188 578 3242 ducunt
592 3205 654 3242 cum
667 3193 749 3256 gente
760 3187 874 3254 Latina,

186 3275 242 3328 Hos
254 3276 351 3330 castris
364 3275 464 3330 adhibe
476 3276 571 3344 socios,
587 3281 615 3329 et
627 3276 742 3329 foedera
751 3275 841 3342 iunge.

183 3361 245 3430 Ipse
259 3380 310 3429 ego
323 3368 351 3417 te
363 3362 431 3430 ripis
443 3367 471 3415 et
483 3368 560 3415 recto
571 3362 684 3416 flumine
697 3361 803 3429 ducam,

185 3449 340 3501 Advorsum
352 3448 435 3501 remis
448 3465 559 3517 superes
572 3451 717 3502 subvectus
730 3459 761 3501 ut
773 3465 892 3501 amnem.

184 3535 271 3601 Surge
284 3552 341 3601 age,
355 3541 421 3587 nate
433 3534 492 3603 dea,
507 3536 655 3604 primisque
668 3535 832 3589 cadentibus
845 3535 926 3588 astris
