2734 3936
504 207 642 258 veneral
665 208 852 258 oaoauloon
876 207 894 259 I.

191 369 322 436 Ooncilia,
337 370 474 424 incertum
487 375 541 423 est:
563 370 676 424 urbisne
694 370 821 436 invisere,
837 371 945 436 Caesar,

191 457 390 525 Terrarumque
403 457 472 509 velis
484 473 585 525 curam,
601 462 629 510 01
641 463 670 510 10
681 457 819 510 maximus
833 457 908 509 orbis

193 546 342 597 Auctorem
355 545 463 611 frugum
478 549 726 612 tempestatumque
738 549 882 613 potentem

191 631 325 700 Accipiat,
340 631 453 700 cingens
464 636 590 684 materna
602 636 728 699 tempora
745 638 853 698 myrt03

190 719 235 770 An
249 719 316 771 «leus
329 719 457 772 immensi
470 718 564 770 venias
577 719 667 786 111111,
682 735 713 771 00
726 724 775 771 tua
787 727 889 771 nautae

190 805 311 858 Numina
324 805 382 858 sola
394 805 494 873 colant,
509 805 560 858 tibi
574 805 677 859 serviat
689 805 786 858 ultima
798 805 893 872 Thule,

190 891 281 960 Teque
294 892 345 946 sibi
358 908 490 959 generum
504 891 608 959 Tethys
620 898 694 945 emat
707 893 835 952 omnibus
849 893 943 961 undis,

189 979 273 1031 Anne
285 995 389 1032 novum
402 979 489 1032 tardis
501 979 575 1031 sidus
588 984 616 1032 te
630 980 767 1032 mensibus
780 979 871 1048 addas,

191 1065 251 1130 Qua
263 1067 340 1119 locus
351 1065 493 1132 Erigonen
504 1066 578 1119 inter
591 1065 744 1134 Chelasque
757 1068 894 1135 sequentis

190 1153 340 1221 Panditur,
361 1154 419 1221 ipse
431 1153 483 1206 tibi
495 1153 549 1206 iam
563 1153 694 1206 bracchia
707 1155 848 1206 contrahit
860 1154 960 1208 ardens

191 1241 327 1308 Scorpius,
343 1245 371 1293 et
383 1241 452 1294 caeli
464 1241 537 1292 iusta
549 1239 612 1308 plus
624 1249 704 1308 parte
717 1241 842 1309 reliquit3

191 1326 330 1394 Quidquid
343 1326 507 1392 eris-nam
520 1331 548 1378 10
561 1343 612 1378 100
626 1333 738 1394 sperent
751 1327 865 1380 Tartara
876 1344 977 1396 regem,

191 1412 249 1466 Nec
262 1413 313 1466 tibi
326 1412 458 1479 regnandi
472 1412 565 1465 veniat
578 1418 634 1466 tam
648 1413 708 1466 dira
720 1414 834 1482 cupido;

191 1500 322 1564 eramvis
334 1499 441 1566 Elysios
454 1499 568 1552 miretur
584 1501 701 1554 Graecia
712 1519 832 1570 campos,

191 1586 216 1640 N
220 1604 250 1640 ee
263 1586 381 1655 repetita
394 1587 470 1654 sequi
484 1593 561 1640 curet
575 1587 741 1657 Proserpina
753 1595 907 1642 matrem-

190 1674 234 1727 Da
246 1675 354 1728 facilem
366 1691 484 1738 cursum,
499 1681 580 1743 atque
593 1676 742 1729 audacibus
756 1677 844 1730 adnue
857 1678 968 1745 0000111,

191 1760 358 1829 Ignarosque
373 1761 433 1814 viae
446 1773 552 1815 mecum
566 1763 713 1816 miseratus
725 1765 840 1832 agrestis

190 1848 338 1916 ²ngredore
361 1856 389 1901 et
402 1849 474 1902 votis
486 1848 541 1902 iam
553 1866 628 1903 nunc
641 1850 770 1904 adsuesce
782 1852 883 1904 vocari.

227 1935 301 1990 Vere
313 1953 395 2003 novo,
410 1937 516 2005 gelidus
529 1938 605 1990 canis
617 1955 679 1991 oum
692 1939 834 1992 montibus
846 1956 926 1992 umor

190 2024 318 2092 Liquitur
330 2030 359 2078 et
370 2023 499 2093 Zephyro
512 2025 601 2092 putris
614 2041 642 2077 se
655 2025 752 2092 glaeba
765 2026 885 2094 resolvit,

190 2111 328 2180 Depresso
340 2111 455 2180 incipiat
466 2111 521 2164 iam
536 2116 596 2164 tum
610 2113 677 2164 111111
690 2117 786 2165 taurus
799 2118 890 2167 aratro

190 2198 341 2266 ingemere,
356 2203 384 2251 et
396 2198 471 2251 sulco
485 2199 597 2251 attritus
610 2199 799 2267 splendescere
812 2217 915 2254 vomer.

190 2279 241 2338 illa
253 2303 329 2354 seges
341 2286 453 2339 demum
466 2287 538 2339 votis
550 2287 699 2354 respondet
713 2287 788 2340 avari

190 2373 344 2440 Agricolae,
360 2373 483 2441 hisquae
497 2373 590 2441 solem,
605 2373 648 2426 bis
659 2373 767 2440 frigora
779 2359 878 2442 sensit3

189 2459 266 2512 Illius
278 2460 429 2513 immensae
441 2466 576 2527 ruperunt
589 2460 689 2513 horrea
700 2477 809 2514 1101101.

191 2546 229 2598 At
241 2546 316 2614 prius
329 2547 454 2614 ignotum
466 2547 543 2600 ferro
558 2565 640 2615 quam
655 2547 803 2600 scindimus
815 2565 925 2617 aequor,

190 2632 298 2686 Ventos
311 2642 339 2686 01
351 2635 458 2686 varium
471 2634 537 2688 caeli
551 2635 723 2702 praediscere
736 2652 840 2688 morem

190 2720 263 2773 Oura
275 2721 310 2773 sit
323 2737 354 2774 ae
367 2721 472 2789 patrios
485 2722 628 2790 cultusque
641 2722 805 2790 habitusque
817 2722 947 2790 locorum,

189 2808 225 2860 Et
238 2807 302 2876 quid
316 2825 438 2876 quaeque
450 2808 524 2861 ferat
536 2809 620 2876 regio,
635 2815 663 2862 et
677 2809 741 2877 quid
756 2825 878 2878 quaeque
891 2816 1007 2864 recuset.

191 2895 241 2947 llic
254 2902 368 2962 segetes,
382 2895 438 2947 11110
451 2895 567 2948 veniunt
579 2896 687 2949 felicius
698 2913 776 2962 uvae,

192 2981 308 3036 Arborei
321 2983 393 3035 fetus
406 2982 478 3050 alibi,
494 2989 575 3050 atque
587 2984 692 3035 iniussa
703 2983 843 3036 virescunt

189 3069 327 3122 Gramina.
364 3069 465 3122 Nonne
478 3069 561 3135 vides,
577 3087 689 3123 0100001
701 3076 732 3123 ct
745 3070 856 3123 Tmolus
869 3070 975 3137 odores,

188 3155 266 3210 ludia
278 3157 366 3209 mittit
379 3157 453 3223 ebur,
469 3157 564 3209 molles
577 3174 626 3210 sua
637 3163 701 3210 tura
713 3157 817 3224 Sabaei,

188 3243 228 3295 At
242 3243 377 3310 (lhalybes
389 3244 457 3296 nudi
470 3245 583 3310 ferrum,
598 3245 742 3313 virosaque
755 3245 863 3297 Pontus

189 3331 327 3398 Castorea,
342 3331 469 3384 Eliadum
482 3331 586 3400 palmas
598 3331 698 3400 Epiros
712 3331 861 3400 equaruml

189 3418 327 3470 Continuo
340 3418 389 3470 has
400 3418 474 3484 leges
488 3423 653 3486 aeternaque
666 3419 779 3471 foedera
791 3419 874 3472 certis

188 3503 322 3571 Imposuit
334 3510 433 3556 natura
444 3503 519 3570 locis,
535 3521 589 3570 quo
602 3510 726 3572 tempore
738 3506 858 3573 primum
