2730 3936
467 231 605 301 vaacrnr
628 251 791 300 araneos
816 252 847 302 n.

142 415 280 470 Praedam
294 414 487 468 adservabant.
526 413 588 467 Huc
601 413 722 482 undique
736 413 818 467 Troia
831 431 899 481 gaza

143 503 267 558 lacensis
281 509 378 570 erepta
391 501 489 569 adytis,
504 516 669 568 mensaeque
683 500 806 568 deornm,

144 591 328 659 Orateresque
342 606 410 643 auro
423 589 511 657 solidi,
527 589 691 658 captivaque
705 587 789 641 vestis

144 679 322 746 (longeritur.
360 676 444 729 Pueri
458 681 486 730 et
498 675 617 743 pavidae
630 675 712 743 longo
726 675 822 728 ordine
834 680 938 728 matres

144 767 228 820 Stant
241 767 354 819 circum.

144 855 240 906 Ausus
252 854 319 922 quin
332 853 415 906 etiam
431 867 512 904 voces
527 851 630 905 iactare
644 867 693 919 per
707 851 831 903 umbram

144 940 264 1008 Implevi
279 939 398 993 clamere
410 938 477 1006 vias,
493 943 669 1005 maestasque
683 937 814 990 Creusam

144 1027 321 1095 Nequiquam
333 1025 505 1094 ingeminans
522 1026 677 1092 iterumque
690 1025 845 1092 iterumque
860 1025 963 1079 vocavi.

144 1114 299 1180 Quaerenti
312 1119 340 1167 et
352 1113 434 1167 tectis
446 1113 522 1166 urbis
535 1111 593 1165 sine
611 1110 667 1164 fine
679 1111 780 1164 furenti

143 1202 247 1254 Infelix
261 1201 436 1255 simulacrum
451 1205 531 1268 atque
545 1200 631 1268 ipsius
647 1200 744 1252 umbra
757 1198 876 1251 Creusae

144 1289 216 1342 Visa
228 1287 297 1340 mihi
311 1293 375 1342 ante
388 1288 481 1341 oculos
494 1293 522 1340 et
535 1290 603 1340 nota
615 1285 702 1338 maior
714 1284 813 1353 imago.

144 1375 284 1444 Obstipui,
297 1380 487 1444 steteruntque
501 1391 596 1428 comae
610 1378 638 1426 et
651 1389 706 1426 vex
719 1373 844 1426 faucibus
858 1373 954 1426 haesit.

144 1463 215 1515 Turn
229 1463 269 1516 sic
281 1463 371 1516 adfari
384 1467 412 1516 et
424 1479 503 1516 caras
516 1462 559 1515 his
574 1461 684 1516 demere
698 1459 794 1513 dictis:

146 1550 248 1615 “Quid
258 1555 368 1603 tantum
380 1551 477 1604 insano
490 1549 567 1603 iuvat
582 1549 725 1618 indulgere
738 1547 835 1611 dolori,

144 1637 169 1691 Ο
184 1637 273 1690 dulcis
286 1638 424 1691 coniunxi
438 1653 495 1691 non
508 1637 576 1691 haec
590 1637 650 1690 sine
663 1635 776 1689 numine
791 1635 884 1688 divom

143 1725 303 1792 Eveniunt3
323 1730 415 1778 necte
428 1725 492 1778 hinc
508 1725 636 1778 comitem
650 1729 792 1794 asportare
806 1722 936 1775 Oreusam

143 1813 199 1866 Fas
212 1820 261 1866 aut
272 1813 319 1866 ille
331 1813 397 1865 sinit
410 1812 502 1880 superi
517 1818 648 1881 regnator
661 1811 780 1880 Olympi.

143 1900 242 1968 Longa
253 1898 305 1952 tibi
317 1900 419 1968 exsilia,
435 1904 464 1952 et
477 1890 586 1953 vastum
600 1899 684 1953 maris
700 1914 801 1966 aequor
814 1897 955 1968 arandum,

143 1987 182 2040 Et
195 1992 300 2040 terram
314 1986 473 2057 Hesperiam
488 1988 588 2054 venies,
605 1987 653 2040 ubi
665 1985 770 2052 Lydius
782 2001 849 2038 arva

144 2074 226 2126 Inter
239 2074 331 2142 opima
343 2074 432 2126 airam
445 2075 499 2128 leni
512 2073 574 2127 fluit
589 2077 698 2144 agmine
711 2075 844 2142 Thybris:

143 2161 207 2214 Illic
220 2177 265 2214 res
277 2161 364 2214 laetae
378 2177 548 2230 regnumque
562 2168 590 2215 et
603 2163 679 2231 regia
691 2163 811 2216 coniunx

143 2249 232 2303 Parta
244 2249 303 2301 tibi.
340 2247 478 2302 Lacrimas
491 2249 608 2303 dilectae
626 2251 697 2319 pelle
710 2250 845 2304 Creusae:

144 2336 172 2390 N
175 2353 212 2389 on
225 2353 277 2403 ego
290 2335 495 2403 Myrmidonum
511 2337 589 2390 sedes
603 2337 773 2406 Dolopumve
788 2341 918 2408 superbas

145 2423 298 2492 Aspiciam,
314 2431 361 2477 ant
373 2423 454 2477 Grais
466 2425 598 2478 servitum
611 2425 745 2479 matribus
758 2428 811 2495 iba,

144 2511 292 2578 Dardanis,
307 2516 335 2564 et
346 2511 426 2565 divae
440 2511 558 2565 Veneris
573 2528 672 2580 nurus3

144 2598 200 2651 Sed
212 2614 258 2650 me
270 2614 371 2666 magna
382 2598 463 2651 deum
477 2599 612 2652 Genetrix
625 2599 668 2653 his
682 2600 787 2654 detinet
800 2601 863 2655 oris.

144 2685 260 2752 Iamque
272 2685 341 2752 vale,
356 2689 384 2738 et
396 2687 454 2738 nati
468 2702 545 2739 serva
563 2689 717 2742 communis
731 2690 881 2744 amorern.”

144 2773 223 2826 Haec
236 2773 284 2826 nbi
296 2773 370 2826 dicta
382 2773 466 2838 dedit,
481 2773 671 2828 lacrimantem
690 2782 718 2829 et
730 2777 817 2831 multa
830 2777 970 2831 volentem

143 2860 245 2913 Dicere
258 2860 387 2927 desernit,
401 2861 544 2930 tenuisque
561 2865 675 2917 recessit
687 2865 716 2916 in
729 2881 817 2918 auras.

144 2947 197 3000 Ter
211 2953 327 3000 conatus
338 2947 376 3000 ibi
390 2948 462 3001 collo
476 2949 541 3003 dare
557 2950 686 3004 bracchia
698 2952 815 3020 circnm3

143 3034 198 3087 Ter
210 3034 316 3087 frustra
327 3051 489 3103 comprensa
500 3053 599 3090 manus
611 3037 707 3104 effugit
719 3038 817 3108 imago,

144 3121 199 3174 Par
211 3121 319 3174 levibns
332 3123 421 3176 ventis
433 3123 594 3192 volucrique
607 3125 747 3179 simillima
758 3143 862 3180 somno.

179 3209 225 3262 Sic
237 3209 348 3262 demum
362 3211 451 3264 socios
466 3217 629 3278 consumpta
642 3217 723 3266 nocte
736 3214 835 3266 revise.

143 3297 238 3366 Atque
250 3297 297 3350 hic
309 3297 450 3364 ingentem
465 3297 597 3350 comitum
610 3298 756 3352 adfluxisse
769 3318 903 3353 novorum

142 3383 260 3438 Invenio
273 3384 413 3438 admirans
425 3401 579 3453 numerum,
595 3391 758 3455 matresque,
773 3388 908 3457 virosque,

142 3472 296 3527 Oollectarn
311 3472 407 3526 exsilio
420 3473 527 3540 pubem,
542 3474 694 3528 miserabili
709 3475 814 3543 volgus.

142 3559 273 3630 Undique
286 3576 449 3628 convenere,
465 3560 562 3613 animis
575 3561 725 3630 opibusque
738 3563 835 3630 parati,
