2730 3936
434 215 570 264 vuaulnl
592 213 757 262 auuuluos
779 212 799 262 Ι.

145 379 193 433 His
204 381 329 434 animum
341 378 443 432 arrecti
456 377 537 430 dietis
549 383 578 430 et
590 375 674 428 fortis
689 375 810 429 Achates

114 465 145 520 ut
156 474 232 536 pater
245 466 356 520 Aeneas
367 464 530 519 iamdudum
543 479 689 531 erumpere
701 462 803 515 nubem

113 553 259 608 Ardebant.
298 553 379 606 Prior
392 552 509 606 Aenean
522 550 671 619 compellat
687 550 825 604 Achates:

113 639 160 693 “N
162 647 203 694 ate
216 641 276 708 dea,
291 657 363 710 quae
375 656 448 694 nuno
462 639 554 693 animo
568 637 706 692 sententia
719 637 825 704 surgit?

112 728 207 782 Omnia
218 733 281 783 tuta
293 728 378 792 vides,
393 727 507 781 classem
520 726 662 794 sociosque
674 729 809 794 reseptos.

111 815 183 870 Unus
195 817 281 884 abest,
297 815 388 869 medio
401 815 428 868 in
443 813 528 868 fluetu
544 828 626 882 quem
639 812 757 866 vidimus
769 811 821 880 ipsi

111 901 299 966 Sabmersum3
321 900 404 956 dietis
415 898 584 969 respondent
596 902 689 952 oetera
701 896 824 950 matris.”

111 987 162 1040 Vix
175 1006 207 1042 ea
217 991 296 1043 fatus
309 994 376 1054 erat,
391 1003 453 1042 eum
467 985 633 1042 oireumfusa
644 993 758 1052 repente

111 1076 211 1130 Seiudit
223 1093 253 1130 se
265 1075 356 1130 nubes
369 1079 398 1128 et
410 1075 439 1128 in
453 1073 678 1143 aethera-purgat
690 1077 825 1141 apertum.

111 1162 218 1218 Restitit
231 1163 344 1217 Aeneas
358 1162 485 1231 claraque
498 1163 526 1214 in
538 1160 601 1214 luae
612 1158 728 1227 refulsit,

111 1249 146 1304 Os
157 1267 323 1321 umerosque
335 1249 388 1304 ‹leo
402 1249 512 1316 similis3
533 1264 651 1316 namque
663 1249 723 1316 ipsa
735 1246 864 1300 deseram

112 1337 260 1392 caesariem
274 1342 343 1392 nato
356 1336 483 1405 genetrix
496 1324 643 1405 lumenque
655 1335 785 1389 iuventas

19 1455 23 1464 ν
112 1423 278 1495 Purpureum
294 1430 323 1479 et
335 1424 422 1478 laetos
434 1423 522 1478 oeulis
533 1422 650 1476 adflarat
662 1422 797 1476 honores:

112 1512 193 1577 Quale
205 1529 307 1566 manus
319 1511 424 1566 addunt
437 1510 514 1566 ebori
526 1510 617 1578 decue,
632 1515 680 1564 aut
692 1509 740 1564 ubi
752 1507 823 1564 tluvo

111 1599 261 1668 Argentum
275 1600 409 1655 Pariusve
423 1600 493 1670 lapis
506 1599 693 1656 oiroumdatur
705 1615 781 1652 auro,

110 1687 174 1740 'lum
186 1688 224 1743 sio
236 1689 363 1756 reginam
376 1687 540 1756 adloquitur,
556 1687 716 1754 sanatisque
728 1691 842 1754 repente

112 1772 275 1843 Improvisus
289 1775 344 1829 ait:
367 1776 384 1804 “
393 1774 501 1843 (loram,
516 1791 596 1844 quem
610 1773 749 1844 quaeritis,
764 1771 868 1838 adsum,

18 1891 19 1916 3
112 1860 204 1917 Troius
215 1865 336 1932 Aeneas,
350 1864 460 1932 Libyeis
472 1871 584 1932 ereptus
596 1862 631 1916 ab
644 1861 732 1914 undis.

113 1949 134 2002 0
146 1951 202 2006 sola
212 1952 345 2008 infandos
357 1951 455 2006 Troiae
466 1954 596 2011 miserata
608 1949 724 2018 labores,

113 2042 184 2110 Quae
196 2063 255 2116 nos,
271 2047 403 2117 reliquias
414 2045 549 2114 Danaam,
563 2051 708 2115 terraeque
720 2043 858 2114 marisque

113 2132 242 2190 Omnibus
254 2135 406 2190 exhaustos
418 2135 473 2188 iarn
487 2134 604 2200 ausibus,
619 2133 742 2188 omnium
754 2148 862 2200 egenos,

115 2217 190 2285 Urbe,
205 2224 299 2291 domo,
318 2225 414 2290 socias,
431 2228 523 2293 grates
534 2221 691 2292 persolvere
704 2220 801 2288 dignas

113 2305 172 2362 Non
185 2312 244 2380 opis
256 2318 301 2365 est
312 2318 431 2378 nostrae,
447 2310 529 2379 Dido,
544 2326 595 2364 neo
611 2307 744 2378 quidquid
756 2306 857 2376 ubique
869 2309 912 2358 est

114 2394 206 2450 Gentis
217 2397 386 2465 Dardaniae,
401 2413 532 2466 magnum
546 2412 615 2466 qnae
628 2411 721 2464 sparsa
733 2410 784 2462 per
796 2392 899 2446 orbem.

114 2479 145 2534 Di
156 2484 212 2549 tibi,
227 2486 249 2538 si
264 2501 319 2554 qna
331 2478 396 2554 pios
405 2487 563 2553 respectant
574 2482 697 2546 numina,
712 2483 732 2535 si
747 2479 810 2549 quid

115 2566 229 2639 Usquam
242 2572 351 2625 iustitia
363 2576 406 2625 est
419 2578 447 2624 et
460 2587 537 2625 mens
550 2570 603 2624 sibi
615 2569 726 2624 eonseia
738 2568 815 2633 raeti,

115 2653 234 2714 Praemia
246 2660 332 2727 digna
343 2659 444 2714 terant.
482 2658 559 2724 Quae
570 2663 600 2712 te
612 2665 670 2711 tam
682 2656 755 2710 laeta
766 2654 889 2710 tulerunt

116 2739 239 2800 Saeeulal
259 2746 307 2816 qui
320 2747 388 2800 tanti
403 2745 487 2800 talem
500 2761 620 2814 genuere
633 2741 778 2814 parentesl

116 2827 145 2882 ln
157 2833 225 2887 freta
236 2835 302 2887 dum
315 2832 392 2887 fluvii
405 2838 524 2899 current,
538 2832 605 2886 dum
617 2829 756 2884 montibus
768 2827 882 2882 umbrae

116 2914 278 2974 lustrabunt
291 2936 423 2988 convexa,
436 2937 455 2989 p
529 2919 595 2972 dum
608 2917 697 2972 sidera
709 2920 810 2986 pascet,

117 3002 223 3075 Semper
234 3007 325 3062 honos
337 3024 493 3076 nomenque
506 3013 583 3060 tuum
596 3005 743 3072 laudesque
755 3002 915 3068 manebunt,

118 3089 187 3155 Quae
199 3111 243 3149 me
256 3112 372 3164 eumque
385 3099 487 3149 voeant
499 3094 616 3148 terrae.”
653 3092 790 3158 Sialetae,
805 3090 922 3144 amioum

118 3175 215 3236 llionea
226 3183 297 3252 petit
308 3182 415 3248 dextra,
429 3182 562 3250 laevaque
575 3179 723 3246 Serestum,

118 3261 180 3320 Post
190 3269 264 3338 alios,
278 3271 436 3339 fortemque
449 3269 538 3338 Gyan,
552 3268 708 3336 fortemque
722 3263 899 3319 Cloanthum.

151 3352 287 3425 Obstipuit
300 3358 391 3426 primo
405 3363 515 3425 aspeetu
530 3354 643 3408 Sidonia
655 3353 738 3421 Dido,

120 3436 185 3494 (lesu
197 3443 294 3498 deinde
306 3444 359 3497 viri
372 3449 459 3510 tanto,
474 3448 503 3496 et
515 3443 554 3495 sie
567 3459 615 3495 ore
627 3440 721 3494 locuta
733 3444 788 3492 est:

125 3525 207 3591 “Quis
218 3535 253 3598 te,
267 3536 331 3585 nate
344 3530 404 3598 dea,
419 3546 469 3598 per
481 3534 560 3584 tanta
572 3527 693 3597 pericula
705 3542 782 3580 ossus
