2656 3940
515 239 653 290 VERGILI
676 237 847 286 snnnlnos'
863 236 907 286 IX

204 404 257 459 Sed
270 404 294 456 si
307 402 474 473 quis-qnae
486 401 575 455 multa
588 400 664 453 vides
677 399 835 452 discrimine
848 397 933 452 tali—

203 492 231 545 Si
246 491 307 561 quis
320 490 348 543 in
361 491 508 545 adversum
521 489 613 556 rapiat
625 503 739 540 casusve
752 486 861 552 deusve,

204 580 245 634 Te
254 594 395 648 superesse
407 577 507 632 velim:
528 581 577 630 tua
590 576 647 629 vita
659 574 768 643 dignior
782 579 864 628 aetas.

204 667 252 736 sit,
268 667 314 736 qui
325 682 371 719 me
383 670 493 733 raptum
507 679 599 732 pugna
611 663 737 731 pretiove
750 652 923 728 redemptum

203 754 317 808 Mandat
329 753 422 821 humo,
437 751 519 804 solita
532 757 580 804 aut
592 750 614 802 si
628 767 682 819 qna
695 748 722 802 id
735 747 849 802 fortuna
861 747 975 815 vetabit,

204 840 322 894 Absenti
334 839 405 893 ierat
416 837 537 905 inferias,
553 836 719 904 decoretque
733 835 866 903 sepulcre.

204 926 266 980 Neu
279 927 361 981 matri
373 927 489 979 miserae
502 923 573 978 tanti
588 925 639 976 sim
651 939 733 976 eausa
745 922 857 990 doloris,

157 1045 159 1052 ·
205 1015 282 1080 Quae
295 1025 323 1069 te
336 1014 401 1081 sola,
417 1030 492 1082 puer,
508 1012 602 1065 multis
616 1028 631 1065 e
643 1011 779 1064 matribus
791 1026 857 1063 ausa

204 1103 390 1171 Persequitur,
405 1101 498 1169 magni
510 1117 561 1153 nec
574 1098 684 1152 moenia
698 1102 777 1152 curat
789 1096 935 1150 Acestae.”

204 1190 254 1244 Ille
268 1196 360 1244 autem
375 1189 502 1242 '‘Gausas
514 1188 679 1256 nequiquam
695 1185 783 1238 nectis
796 1185 893 1252 inanis,

204 1278 232 1332 N
233 1295 264 1333 ec
277 1295 339 1333 mea
350 1279 404 1332 iam
419 1281 524 1330 mutata
535 1276 597 1329 loco
609 1273 746 1328 sententia
760 1271 841 1326 cedit.

205 1365 412 1419 Acceleremusl
424 1364 440 1392 ’‘
454 1365 500 1418 ait.
540 1363 646 1430 Vigiles
659 1360 739 1414 simul
754 1359 863 1413 excitat.
901 1357 944 1411 llli

205 1454 362 1508 Succedunt
374 1457 540 1520 servantque
554 1451 643 1518 vices3
664 1449 782 1503 statione
795 1446 893 1500 relicta

205 1541 267 1610 lpse
280 1557 373 1595 comes
386 1541 455 1594 Niso
467 1539 600 1608 graditur,
615 1553 764 1606 regemque
777 1534 929 1603 requirunt.

242 1629 341 1682 Cetera
352 1645 402 1697 per
414 1633 502 1682 terras
516 1627 604 1680 omnis
617 1624 746 1680 animalia
758 1638 856 1677 somno

205 1715 348 1769 Laxabaut
361 1731 441 1768 curas
453 1720 481 1768 et
494 1713 578 1768 corda
589 1713 676 1767 oblita
687 1712 812 1766 laborum
823 1729 829 1764 :

205 1802 344 1856 Ductores
356 1803 490 1856 Teucrum
505 1801 595 1870 primi,
609 1800 717 1854 delecta
729 1800 866 1866 iuventus,

207 1889 359 1942 Consilium
373 1890 485 1942 enormis
498 1889 575 1957 regni
587 1888 622 1942 de
635 1888 718 1942 rebus
730 1888 877 1958 habebant,

206 1976 279 2042 Quid
293 1977 421 2042 facerent,
436 1977 533 2045 quisve
545 1977 657 2030 Aeneae
671 1976 725 2029 iam
738 1977 851 2030 nuntius
866 1983 946 2031 esset.

207 2063 287 2117 Stant
299 2064 388 2131 longis
400 2063 493 2117 adnixi
505 2064 592 2117 hastis
605 2071 633 2116 et
645 2069 724 2117 scuta
736 2069 862 2118 tenentes

207 2151 367 2205 (lastrorum
381 2156 409 2205 et
421 2151 511 2219 campi
523 2150 625 2204 medic.
662 2151 732 2204 Tum
745 2150 829 2206 Nisus
842 2158 870 2206 et
882 2169 938 2206 una

205 2237 342 2305 Euryalus
354 2238 499 2292 confestim
512 2238 615 2292 alacres
628 2238 770 2292 admittier
784 2245 882 2306 orant;

207 2326 276 2381 Rem
289 2342 426 2394 magnam,
442 2325 615 2395 pretiumque
627 2343 721 2380 morae
734 2327 803 2381 lore.
841 2326 952 2380 Primus
964 2325 1041 2379 lulus

206 2413 324 2483 Accepit
336 2413 466 2482 trepidos,
481 2429 512 2466 ac
524 2412 552 2466 N
553 2414 623 2467 isnm
636 2414 728 2468 dicere
740 2415 827 2469 iussit.

206 2502 276 2554 Tum
289 2502 327 2554 sic
341 2501 521 2568 Hyrtacides:
544 2501 674 2556 “Audite
687 2519 704 2556 ο
717 2503 858 2557 mentibus
870 2503 970 2572 aequis,

206 2589 363 2653 Aeneadae,
377 2605 448 2642 neve
460 2589 528 2642 haec
539 2589 641 2642 nostris
655 2595 814 2658 spectentur
827 2591 962 2656 chaucis,

208 2677 282 2742 Quae
296 2675 419 2729 ierimus.
457 2675 554 2728 Rutuli
567 2693 663 2731 somno
679 2678 799 2746 vinoque
812 2678 893 2732 soluti

208 2763 387 2828 Conticuere3
407 2762 499 2815 locum
512 2763 619 2816 insidiis
632 2767 826 2832 conspeximus
837 2765 898 2833 ipsi.

208 2851 260 2917 Qui
273 2854 350 2919 patet
362 2849 391 2903 in
404 2849 480 2904 bivio
491 2859 597 2918 portae,
612 2868 683 2921 quae
695 2852 821 2920 proxima
835 2859 936 2921 pout03

206 2937 360 3006 Interrupti
372 2938 457 3006 ignes,
472 2943 585 3007 aterque
599 2939 633 2993 ad
647 2939 737 2993 sidera
750 2940 841 2993 sumus

206 3026 345 3094 Erigitur:
367 3025 389 3078 si
402 3025 517 3078 fortuna
530 3026 692 3094 permittitis
704 3027 754 3092 nti,

207 3112 367 3178 Quaesitum
382 3113 498 3166 Aenean
512 3118 541 3166 et
553 3115 663 3168 moenia
675 3113 834 3176 Pallantem

207 3200 272 3254 Mox
285 3199 329 3253 hic
343 3216 405 3252 cum
419 3199 521 3268 spoliis,
538 3201 642 3268 ingenti
656 3200 740 3254 caede
752 3205 871 3268 peracta,

207 3286 315 3339 Adfore
327 3287 455 3340 cernetis.
493 3285 553 3340 Nec
566 3303 617 3341 nos
629 3288 674 3341 via
686 3287 757 3340 fallit
770 3288 876 3340 euntis:

207 3373 338 3427 Vidimus
351 3374 474 3427 obscuris
485 3375 602 3442 primam
616 3374 666 3428 sub
679 3373 796 3427 vallibus
808 3375 905 3428 urbem

208 3459 321 3513 Vanatu
334 3459 449 3513 adsiduo
462 3467 491 3514 et
504 3465 593 3514 totum
608 3460 787 3528 cognovimus
800 3460 938 3516 amnem.”

208 3547 263 3600 Hic
275 3545 355 3599 annis
367 3547 459 3613 gravis
471 3553 553 3615 atque
566 3548 650 3601 animi
663 3552 788 3601 maturus
801 3547 912 3602 Aletes:
