2730 3936
456 222 593 272 VERGILI
617 223 782 272 AENEIDOS
805 223 837 273 11.

133 383 243 441 Incidit.
281 386 335 440 Ast
348 385 395 440 alii
408 386 534 453 subeunt,
549 401 599 438 neo
612 401 686 453 saxa,
700 401 751 438 nee
763 385 850 438 ullum
907 409 911 421 ·

133 471 264 526 Telorum
277 473 384 526 interea
396 477 485 526 cessat
497 488 590 540 genus.

168 557 348 614 Vestibulum
361 564 425 612 ante
437 559 527 627 ipsum
539 559 683 628 primoque
697 560 726 612 in
738 559 834 614 limine
846 560 971 628 Pyrrhus

133 643 272 715 Exsultat,
286 645 349 700 telis
361 651 389 699 et
400 645 462 699 luce
474 662 605 700 coruscus
617 653 703 700 aena:

135 732 231 797 Quadis
246 733 292 787 ubi
304 733 334 786 in
346 732 436 787 lucem
450 732 561 787 coluber
573 733 646 786 mala
658 735 782 802 gramina
793 739 898 803 pastus,

133 819 249 888 Frigida
260 820 311 873 sub
324 825 399 874 terra
410 819 547 873 tumidum
561 837 641 889 quern
655 821 754 874 bruma
766 821 885 889 tegebat,

134 905 225 975 Nunc,
240 907 338 976 positis
350 924 439 960 novus
452 907 558 960 exuviis
570 907 728 976 nitidusque
740 908 860 976 iuventa,

133 993 255 1048 Lubrica
268 993 409 1048 convolvit
421 993 529 1047 sublato
540 1001 652 1063 pectore
664 1000 744 1062 terga

133 1081 251 1135 Arduus
265 1081 300 1135 ad
313 1081 408 1150 solem,
423 1087 451 1135 et
462 1081 564 1149 linguis
575 1082 661 1135 mieat
673 1099 722 1136 ore
734 1081 862 1136 trisulcis,

133 1166 199 1222 Una
209 1169 308 1237 ingens
320 1168 454 1237 Periphas
466 1172 494 1222 et
508 1185 640 1238 equorum
655 1170 774 1238 agitator
788 1168 913 1237 Achillis,

133 1257 267 1325 Armiger
280 1256 466 1325 Automedon,
480 1273 538 1310 uua
549 1257 639 1310 omnis
651 1256 748 1323 Scyria
760 1256 848 1324 pubes

134 1343 294 1397 Succedunt
306 1348 390 1412 tecto,
405 1354 433 1397 et
445 1343 570 1397 flammas
583 1343 617 1397 ad
630 1343 751 1398 culmina
762 1344 874 1398 iactant.

134 1431 198 1500 lpse
210 1431 285 1484 inter
297 1433 402 1500 primos
414 1436 541 1500 correpta
553 1430 621 1484 dura
634 1430 745 1500 bipenni

134 1519 247 1572 Limina
258 1519 421 1588 perrumpit
436 1519 578 1588 postisque
590 1535 607 1571 a
619 1518 730 1571 cardine
742 1518 821 1572 vellit

134 1606 271 1673 Aerat0s;
291 1606 401 1674 iamque
414 1606 505 1660 excisa
516 1605 597 1658 trabe
608 1603 688 1658 firma
701 1607 808 1659 cavavit

133 1693 258 1762 Robora,
273 1697 301 1746 et
313 1693 452 1761 ingentem
466 1692 524 1746 lato
537 1692 614 1746 dedit
628 1708 675 1746 ore
688 1693 847 1749 fenestram.

134 1781 263 1850 Apparet
276 1781 374 1834 domus
386 1781 468 1848 intus,
483 1785 513 1834 et
524 1779 594 1833 atria
605 1779 688 1848 longa
699 1786 858 1850 patescunt,

134 1868 285 1936 Apparent
297 1867 400 1920 Priami
413 1873 442 1920 et
455 1873 578 1920 veterum
590 1866 743 1935 penetralia
754 1883 857 1936 regum,

134 1953 324 2021 Armatosque
337 1952 434 2005 vident
446 1952 544 2006 stantis
556 1953 586 2005 in
599 1952 693 2005 limine
708 1952 802 2021 primo.

102 2081 117 2104 χ
170 2040 212 2094 At
225 2039 324 2093 domus
336 2039 452 2093 interior·
464 2039 567 2108 gemitu
580 2040 734 2108 miseroque
747 2040 867 2094 tumultu

134 2129 276 2198 Miscetur,
293 2130 453 2198 penitusque
466 2146 548 2183 cavae
560 2128 739 2197 plangoribus
751 2129 832 2182 aedes

133 2217 275 2270 Femiueis
287 2216 409 2282 ululant3
430 2217 497 2270 ferit
511 2232 594 2270 aurea
606 2215 695 2269 sidera
708 2216 819 2270 clamor.

134 2304 205 2358 Tum
219 2304 336 2372 pavidae
348 2305 430 2357 tectis
441 2311 544 2358 matres
555 2303 714 2372 ingentibus
725 2309 827 2373 errant,

135 2391 345 2461 Amplexaeque
358 2397 454 2446 tenent
466 2394 554 2461 postis
566 2404 647 2461 atque
661 2393 754 2446 oscula
766 2392 863 2460 figunt.

135 2465 227 2534 Instat
240 2481 268 2532 vi
281 2481 372 2548 patria
383 2479 521 2548 Pyrrhus3
542 2497 593 2534 uec
606 2480 732 2548 claustra,
747 2496 836 2548 neque
848 2480 901 2548 ipsi

136 2567 273 2620 Custodes
286 2568 399 2621 sufferre
412 2568 522 2636 valeut3
542 2568 617 2622 labat
631 2569 716 2622 ariete
729 2568 827 2621 crebro

134 2653 230 2722 Ianua,
246 2660 274 2708 et
287 2656 371 2708 emoti
383 2658 567 2724 procumbunt
580 2656 691 2710 cardine
702 2661 802 2725 postes.

134 2742 180 2796 Fit
193 2744 239 2796 via
250 2744 279 2796 vi
290 2762 295 2810 ;
316 2749 449 2811 rumpunt
461 2744 558 2811 aditus,
573 2745 731 2813 primosque
742 2743 884 2798 trucidant

134 2829 256 2882 immissi
269 2829 365 2894 Danai,
380 2835 409 2884 et
420 2830 475 2884 late
487 2831 548 2884 loca
561 2831 649 2885 milite
662 2831 810 2900 complent.

135 2916 163 2970 N
164 2935 201 2971 on
215 2918 260 2986 sic,
275 2919 420 2986 aggeribus
432 2921 521 2987 ruptis
534 2937 593 2972 cum
608 2937 738 2988 spumeus
751 2920 839 2974 amnis

134 3004 213 3058 Exiit
226 3005 420 3074 oppositasque
434 3007 517 3060 evicit
528 3007 636 3075 gurgite
647 3007 742 3076 molae,

135 3089 236 3146 Fertur
247 3093 278 3145 in
291 3108 357 3145 arva
368 3093 463 3146 furens
476 3095 594 3163 cumulo,
608 3111 774 3164 camposque
786 3112 837 3165 per
848 3096 938 3150 omnis

136 3179 206 3234 (lum
219 3179 336 3234 stabulis
349 3185 474 3234 armenta
486 3181 579 3236 trahit.
618 3181 686 3235 Vidi
698 3183 757 3251 ipse
769 3181 906 3236 furentem
934 3158 966 3240 ><

135 3266 228 3321 Caede
240 3266 457 3337 Neoptolemum
470 3269 647 3338 geminosque
659 3269 689 3322 in
701 3268 795 3322 limine
809 3270 935 3338 Atridas:

139 3354 202 3408 Vidi
217 3355 361 3409 Hecubam
375 3363 540 3424 centumque
553 3373 645 3423 nurus,
661 3356 856 3426 Priamumque
868 3375 918 3425 per
931 3373 993 3412 aras

134 3441 276 3510 Sanguine
289 3443 457 3506 foedantem,
472 3460 540 3511 quos
552 3443 611 3511 ipse
624 3448 787 3510 sacraverat,
802 3443 881 3512 ignis.

134 3530 343 3600 Quinquaginta
355 3529 394 3582 illi
408 3528 529 3598 thalami,
544 3546 606 3598 spes
618 3534 695 3584 tanta
707 3535 847 3598 nepotum,
