2656 3940
511 212 650 263 vanans
672 212 839 262 auuumos
861 212 892 262 X.

192 378 369 432 Concurrunt
381 375 541 442 Tyrrhenae
553 376 633 443 acies,
648 379 732 443 atque
745 374 875 428 omnibus
887 373 945 440 uni,

191 465 248 518 Uni
261 463 384 530 odiisque
396 461 457 515 viro
470 461 585 531 telisque
598 461 793 530 frequentibus
803 462 919 515 instant

192 552 249 620 Ille,
264 551 340 604 velut
352 565 444 617 rupes,
460 554 567 602 vastum
581 564 651 618 quae
663 548 755 618 prodit
768 549 798 602 iu
811 565 923 617 aequor,

193 638 282 692 Obvia
295 641 442 690 ventorum
455 635 537 688 furiis
548 640 719 704 expostaque
731 641 827 704 ponto,

192 726 258 779 Vim
272 729 399 778 cunctam
413 728 495 790 atque
508 723 598 776 minas
609 723 717 790 perfert
729 722 852 790 caelique
864 722 1010 791 marisque,

191 810 255 878 Ipsa
267 811 383 862 immota
395 825 517 876 manens,
532 809 638 876 prolem
651 808 834 862 Dolichaonis
846 808 969 862 Hebrum

192 898 297 950 Sternit
309 896 394 961 humi,
409 911 472 948 cum
486 911 540 964 quo
554 895 688 962 Latagum
702 895 882 964 Palmumque
894 896 1032 965 fugacem,

192 985 246 1038 Sed
258 984 393 1052 Latagum
406 999 473 1037 saxo
485 989 568 1050 atque
580 983 686 1050 ingenti
698 983 836 1051 fragmine
850 983 953 1037 montis

192 1072 316 1140 Occupat
328 1088 360 1124 os
371 1070 526 1139 faciemque
539 1069 691 1137 adversam,
705 1068 811 1139 poplite
824 1070 949 1124 Palmum

191 1160 303 1214 Succiso
316 1159 391 1212 volvi
403 1175 514 1226 segnem
528 1157 593 1211 sinit
604 1175 611 1224 ;
631 1173 762 1226 armaque
774 1157 864 1210 Lauso

190 1247 284 1301 Donat
296 1247 398 1299 babere
413 1245 514 1298 umeris
527 1250 555 1298 et
568 1245 671 1298 vertice
683 1243 768 1312 figere
781 1245 885 1300 cristas.

191 1335 251 1388 Nec
263 1350 318 1388 non
331 1332 478 1386 Euanthen
492 1332 652 1400 Phrygium,
667 1331 828 1400 Paridisque
842 1332 979 1388 Mimanta

193 1422 345 1491 Aequalem
358 1421 550 1488 comitemque,
564 1437 619 1473 una
631 1435 713 1488 quem
727 1425 809 1473 nocte
822 1419 935 1474 Theano

191 1510 223 1563 In
235 1509 324 1563 lucem
337 1507 455 1577 genitori
467 1508 577 1574 Amyco
589 1505 672 1570 dedit,
687 1511 716 1560 et
727 1507 787 1560 face
800 1523 955 1576 praegnans

192 1597 293 1650 Cisseis
305 1596 401 1663 regina
414 1595 515 1648 Parin:
535 1594 614 1647 Paris
628 1594 695 1647 urbe
708 1600 825 1663 paterna

191 1683 332 1748 Occubat3
353 1684 478 1750 ignarum
491 1682 615 1736 Laurens
626 1681 711 1736 habet
724 1698 774 1736 ora
787 1681 931 1736 Mimanta.

190 1773 233 1826 Ac
247 1772 323 1825 velut
335 1769 381 1824 ille
394 1787 492 1824 eanum
508 1786 601 1822 morsu
614 1769 649 1823 de
662 1770 801 1822 montibus
814 1769 877 1822 altis

191 1858 280 1912 Actus
292 1874 366 1926 aper,
381 1856 484 1909 multos
498 1856 618 1910 Vesulus
631 1872 712 1924 quem
725 1856 830 1924 pinifer
842 1873 930 1910 annos

191 1946 329 2014 Defendit,
344 1944 500 2012 multosque
513 1944 591 2013 palus
603 1943 760 2012 Laurentia,
776 1944 846 1999 silva

191 2035 290 2088 Paetus
303 2032 483 2100 harundines,
499 2038 645 2101 postquam
658 2032 731 2085 inter
744 2034 815 2088 retia
827 2040 940 2086 ventum
954 2036 1004 2100 est,

190 2121 327 2189 Substitit,
341 2120 540 2187 intremuitque
553 2119 632 2172 ferox
645 2124 673 2172 et
685 2119 825 2174 inhorruit
837 2135 944 2188 armos;

190 2208 249 2262 Neo
262 2208 389 2276 cuiquam
402 2206 483 2260 irasci
496 2207 644 2275 propiusve
656 2208 786 2262 accedere
799 2209 895 2270 virtus.

190 2296 245 2350 Sed
256 2295 352 2350 iaculis
364 2296 488 2362 tutisque
501 2294 598 2362 procul
611 2293 779 2350 clamoribus
790 2295 895 2350 instant
909 2313 916 2359 ς

190 2383 240 2436 Ille
254 2389 345 2436 autem
358 2381 515 2450 impavidus
527 2382 615 2451 partis
628 2388 776 2437 cunctatur
789 2383 817 2436 in
832 2383 929 2451 omnis,

189 2469 327 2536 Dentibus
339 2468 509 2534 infrendens,
523 2475 552 2524 et
564 2475 643 2536 tergo
656 2469 762 2524 decutit
774 2470 881 2524 hastas:

191 2556 271 2609 Haud
285 2556 374 2621 aliter,
388 2556 477 2610 iustae
490 2556 588 2624 quibus
601 2562 643 2610 est
656 2557 810 2612 Mezentius
822 2558 887 2625 irae,

190 2643 255 2696 Non
267 2643 315 2695 ulli
329 2647 370 2695 est
382 2642 489 2696 animus
501 2643 596 2698 striato
609 2661 775 2698 concurrere
787 2644 879 2710 ferr03

189 2730 337 2784 Missilibus
348 2730 430 2797 longe
443 2735 471 2782 et
484 2735 562 2784 vasto
575 2731 695 2785 clamore
708 2731 855 2785 lacessunt.

190 2819 314 2873 Venerat
326 2817 446 2885 antiquis
459 2817 575 2884 Corythi
589 2819 624 2872 de
636 2819 737 2872 finibus
750 2820 852 2886 Aaron,

190 2908 288 2961 Graius
299 2905 392 2971 homo,
408 2904 524 2958 infectos
536 2905 664 2974 linquens
676 2907 811 2975 profugus
823 2906 1005 2974 hymenaeos3

190 2994 271 3048 Hunc
285 2993 331 3046 ubi
345 2992 505 3046 uliscentem
520 2992 601 3060 longe
615 2993 705 3047 media
718 2994 828 3061 agmina
842 2994 918 3059 vidit,

188 3081 361 3150 Purpureum
375 3079 474 3147 pennis
487 3084 516 3131 et
529 3085 625 3146 pactae
639 3080 763 3148 coniugis
776 3087 867 3134 ostro:

189 3167 325 3235 Impastus
337 3166 445 3218 stabula
458 3164 513 3219 alta
524 3165 568 3219 leo
581 3183 632 3219 ceu
644 3183 725 3234 saepe
737 3184 895 3236 peragrans,

189 3254 292 3306 Suadet
305 3253 378 3305 euim
390 3269 493 3306 vesana
505 3253 600 3320 fames,
615 3253 638 3306 si
651 3254 722 3308 forte
735 3254 861 3322 fugacem

189 3340 342 3407 Conspexit
355 3355 490 3406 capream,
505 3344 553 3393 aut
566 3346 724 3408 surgentem
736 3341 765 3394 in
778 3358 883 3397 cornua
895 3358 1015 3410 cervum,

189 3425 305 3491 Gaudet,
319 3425 400 3478 hians
412 3426 539 3490 immane,
553 3443 700 3496 comasque
712 3429 824 3494 arrexit,
839 3436 867 3482 et
879 3428 976 3487 haeret

192 3511 348 3564 Visceribus
361 3527 444 3578 super
456 3511 633 3581 incumbeus;
653 3515 722 3570 lavit
734 3514 862 3584 improba
874 3521 964 3570 taeter
