2730 3936
437 239 575 291 VERGILI
598 239 763 290 Auuuluos
785 238 818 290 11.

120 408 134 435 ¹⁴
142 406 271 476 luppiter
285 404 471 473 omnipotens,
487 403 615 472 precibus
627 402 651 455 si
663 402 784 455 flecteris
796 401 866 470 ullis,

118 495 218 563 Aspice
231 510 300 560 n0s;
320 492 376 546 hoe
389 497 496 546 tentum
508 510 515 559 ;
536 496 572 558 et,
588 491 611 543 si
624 491 728 559 pietate
740 506 885 556 meremur,
1086 493 1138 544 690

118 579 160 634 Da
171 580 273 633 deinde
286 579 428 646 auxilium,
442 583 529 647 pater,
544 583 628 647 etque
640 577 709 631 hnee
720 576 814 631 omine
825 575 931 632 firnaffi

118 667 175 720 Vix
188 683 222 720 ee
234 667 309 719 fatus
321 671 381 720 eret
394 665 494 733 senior,
510 664 654 733 subitoque
666 665 776 732 fragore

118 753 244 806 Intonuit
256 753 374 820 laevum,
389 769 418 806 eu
430 752 464 805 de
476 752 553 806 eaelo
565 752 641 821 lapsu
654 769 704 822 per
716 753 826 805 umbrus

119 840 205 894 Stella
218 841 306 894 facem
319 840 423 893 ducens
435 839 523 894 mulin
534 855 597 893 cnm
609 839 670 894 lune
683 839 812 893 euenrrii.

118 928 207 994 Illum,
223 944 331 981 summu
342 944 423 996 super
435 927 574 980 lebentem
589 926 708 981 eulmine
720 926 794 995 teeti,

119 1015 268 1069 Cernimus
281 1014 363 1068 Idaea
376 1014 476 1068 elerum
490 1031 518 1068 se
531 1014 650 1068 condere
662 1013 732 1068 silve

119 1103 335 1171 signantemque
350 1101 423 1166 vius3
444 1106 502 1154 tum
515 1100 599 1170 longo
610 1101 697 1155 limine
710 1101 801 1155 sulcus

118 1192 176 1244 Dat
187 1189 287 1257 lucem,
302 1195 329 1243 et
341 1189 396 1242 iane
408 1189 510 1242 nircum
523 1189 583 1244 loee
594 1189 724 1259 sulphure
737 1190 854 1244 inurunt.

119 1279 172 1332 Hie
187 1295 253 1332 vero
266 1279 354 1332 vietus
366 1279 475 1346 genitor
487 1295 516 1331 se
528 1277 601 1331 tollit
613 1277 648 1330 ud
661 1294 749 1345 auras,

118 1366 298 1434 Adfaturque
310 1367 377 1419 deos
389 1371 418 1420 et
430 1371 554 1420 sanetum
567 1364 641 1418 sidus
653 1364 766 1420 ederat:
1086 1364 1139 1421 700

120 1455 137 1482 ‘⁴
148 1454 209 1507 lum
223 1453 277 1506 iarn
289 1453 364 1508 nullu
376 1470 454 1507 mora
466 1459 524 1522 est;
545 1469 653 1522 sequor,
668 1459 703 1520 et,
719 1470 772 1523 que
783 1453 892 1522 ducitis,
907 1453 1012 1508 adsum.

118 1545 156 1599 Di
169 1545 262 1614 patrii,
279 1549 386 1598 servate
398 1543 518 1610 domurn,
533 1548 640 1596 servate
653 1548 790 1611 nepotern

118 1633 256 1688 Vestrum
271 1633 324 1686 hoe
336 1631 488 1700 augrrrium,
505 1635 651 1698 vestroque
663 1629 692 1681 in
705 1631 819 1684 numine
831 1629 913 1684 Troiu
925 1637 975 1684 est.

119 1719 197 1774 Cedo
212 1720 346 1788 equidem,
362 1737 421 1786 nee,
435 1725 507 1788 nete,
522 1720 574 1774 tibi
587 1736 679 1773 eomes
691 1719 730 1772 ire
744 1717 868 1772 reeusn.'’

155 1807 274 1860 Dixerat
285 1807 350 1875 ille;
371 1814 399 1862 ei
412 1808 466 1861 ium
482 1824 530 1876 per
543 1808 653 1860 moenia
665 1807 765 1860 clarior
776 1806 849 1874 ignis

118 1899 250 1967 Auditur,
266 1898 432 1967 propiusque
446 1901 538 1951 aestus
550 1897 678 1951 incendia
690 1895 813 1950 volvunt.

119 1989 137 2016 “
148 1987 224 2055 Ergo
236 2003 293 2054 ege,
311 2002 374 2041 eure
386 1990 473 2055 puter,
488 1985 589 2039 cervini
601 1985 743 2052 imponere
757 1989 883 2046 nostrae:

118 2078 183 2146 Ipse
197 2074 295 2127 subibo
308 2073 417 2140 umeris,
431 2089 482 2126 nee
495 2088 539 2126 me
551 2072 629 2125 labor
642 2072 693 2124 iste
705 2071 848 2139 gravabit;

118 2166 183 2232 Quo
195 2182 240 2219 res
253 2181 370 2234 eumque
383 2164 490 2232 cadent,
503 2180 588 2217 uuum
601 2168 629 2216 et
641 2178 787 2216 commune
800 2159 943 2229 periclum,

118 2254 183 2308 Una
196 2253 270 2306 salus
284 2253 416 2306 ambobus
428 2252 488 2306 erit.
526 2251 595 2304 Mihi
608 2267 709 2319 pervus
722 2249 798 2302 Iulus

118 2341 162 2395 Sit
175 2359 276 2409 eomes,
292 2348 319 2396 et
332 2342 413 2411 longe
425 2345 517 2396 servet
530 2340 643 2408 vestigia
656 2340 785 2393 coniunx.

118 2429 187 2488 Vos.
203 2429 307 2496 famuli,
324 2446 392 2498 quse
406 2429 503 2495 diesin,
518 2428 617 2482 animis
629 2427 766 2480 advertite
778 2425 884 2479 vestris.

118 2516 169 2570 Est
181 2517 252 2570 urbe
265 2518 381 2585 egressis
393 2515 515 2570 tumulus
527 2515 716 2583 templumque
729 2518 867 2566 vetustum

118 2603 254 2658 Desertae
269 2603 383 2670 Cereris,
400 2603 532 2672 iuxtaque
544 2603 659 2672 antiqua
670 2617 813 2670 cupressus

118 2690 266 2760 Religione
279 2697 388 2760 patrum
402 2691 504 2746 multos
517 2694 626 2745 servate
637 2707 688 2759 per
700 2705 794 2743 annos.

119 2777 201 2833 Hane
214 2796 249 2832 ex
262 2779 372 2833 diverso
385 2777 476 2833 sedern
490 2778 632 2832 veniemus
644 2778 673 2830 in
685 2793 778 2830 unam.

118 2865 169 2933 Tu,
184 2866 304 2934 genitor,
320 2882 386 2934 nepe
399 2882 476 2920 suern
487 2881 571 2920 mann
583 2865 740 2933 patriosque
753 2863 878 2931 Penatis3

119 2954 173 3022 Me,
188 2954 263 3008 bello
277 2971 292 3008 e
305 2959 384 3008 tenio
397 2953 548 3022 digressum
561 2957 590 3006 et
603 2952 685 3006 neede
698 2950 809 3020 recenti,

119 3040 283 3096 Attreeture
295 3041 380 3109 nefus,
396 3041 485 3095 donee
498 3057 543 3094 me
556 3039 670 3094 flumine
683 3039 746 3094 vivo

119 3129 274 3184 Abluero.”

154 3217 233 3272 Haec
245 3217 329 3284 fains,
342 3215 415 3270 letos
427 3232 538 3270 umeros
551 3214 729 3284 subiectaque
741 3213 813 3269 colle

118 3303 209 3360 Veste
220 3321 305 3373 snper
317 3303 440 3372 fulvique
453 3303 592 3357 insternor
605 3302 676 3372 pelle
688 3302 784 3369 leonis,

119 3391 300 3460 Succedoque
313 3391 392 3444 oneri
403 3410 409 3457 ;
430 3390 544 3444 dextrae
558 3407 587 3444 se
600 3405 701 3459 parvus
713 3390 788 3443 Iulus

118 3480 261 3550 Impiienit
274 3479 452 3547 sequiturque
465 3481 573 3545 patrem
587 3494 644 3532 non
656 3477 780 3546 passibus
793 3476 900 3545 eequis3

117 3565 195 3622 Pone
207 3566 285 3620 subit
298 3565 428 3618 coniunx.
467 3562 593 3618 Ferimur
605 3581 655 3632 per
669 3579 755 3632 opaea
767 3563 909 3624 locorum
