2730 3936
521 201 659 251 VERGILI
682 199 846 250 Annnlnos
868 199 885 248 1.

193 366 303 435 Egressi
317 369 413 434 optata
424 365 569 434 potiuntur
583 363 667 417 Troes
678 363 782 417 harena

193 453 230 506 Et
243 453 298 507 6616
310 451 433 506 tabentis
445 458 520 504 artus
532 451 561 504 in
574 450 656 504 111616
669 457 786 520 ponunt.

195 541 237 593 Ac
250 540 368 608 primum
382 537 452 590 silici
464 537 610 591 scintillam
624 537 736 590 excudit
748 537 871 590 Achates

194 626 374 695 Suscepitquc
386 625 475 694 ignem
489 624 562 677 foliis
575 629 657 692 atque
670 623 747 678 arida
759 624 862 678 circum

194 713 373 766 Nutrimenta
385 711 463 765 dedit
475 711 620 780 rapuitque
633 711 661 763 in
675 711 772 764 fomite
784 710 932 764 flammam.

194 800 263 852 Tum
277 800 407 854 Cererem
420 807 579 867 corruptam
592 797 674 850 undis
688 797 867 866 Cerealiaque
879 812 957 851 arma

194 887 354 956 Expediunt
365 886 431 939 fessi
444 902 545 953 rerum,
560 886 708 954 frugesque
721 890 847 952 receptas

194 974 232 1028 Et
243 980 350 1028 1611616
363 977 462 1043 parant
474 972 591 1026 flammis
603 979 632 1026 61
644 973 772 1041 frangere
785 987 858 1026 saxo.

230 1063 340 1116 Aeneas
352 1061 493 1130 scopulum
507 1062 613 1113 interea
625 1058 786 1112 conscendit
798 1068 826 1112 et
838 1075 948 1112 omnem

194 1151 374 1218 Prospeotnm
387 1148 442 1202 late
456 1147 552 1216 pelago
566 1147 645 1216 petit,
663 1146 773 1200 Anthea
784 1146 807 1199 si
820 1161 902 1214 quem

195 1237 330 1291 laetatum
345 1241 429 1290 vento
444 1235 534 1289 videat
547 1232 738 1302 Phrygiasque
750 1233 870 1298 biremis

195 1324 256 1377 Ant
268 1324 372 1393 Capyn,
387 1331 435 1377 ant
446 1323 527 1376 celsis
539 1323 568 1375 in
581 1322 719 1391 puppibus
731 1337 808 1374 arma
821 1321 905 1374 Caici.

196 1410 302 1466 Navem
315 1412 344 1463 in
357 1415 506 1479 conspectu
519 1409 630 1476 nnllam,
644 1409 696 1462 tris
706 1409 787 1462 litore
799 1425 899 1462 cervos

195 1497 332 1566 Prospieit
345 1497 478 1555 errantis:
499 1496 551 1549 1166
563 1501 624 1550 1616
635 1499 761 1550 6111161116
774 1500 928 1564 sequnntur

195 1585 223 1638 A
236 1592 322 1653 tergo,
338 1589 366 1638 et
379 1585 490 1652 longum
506 1601 555 1653 per
567 1583 647 1637 161116
659 1583 781 1652 pascitur
793 1599 901 1650 agmen.

196 1672 330 1727 Constitit
342 1671 394 1737 hic,
409 1687 557 1740 arcumque
569 1687 652 1723 manu
666 1671 815 1739 celerisque
828 1670 943 1738 sagittas

197 1760 345 1828 Corripuit,
360 1757 432 1812 fidus
444 1774 514 1827 quae
528 1758 582 1812 tela
593 1758 709 1826 gerebat
722 1757 851 1824 Achates,

196 1846 385 1915 Ductoresqne
398 1845 473 1915 ipsos
486 1846 612 1914 primum,
628 1846 719 1914 capita
731 1845 787 1898 alta
800 1844 914 1898 ferentis

197 1932 335 1987 Cornibus
347 1933 478 2000 arboreis,
493 1932 599 2000 sternit,
614 1937 674 1985 tum
687 1932 793 2000 volgus,
807 1937 836 1986 et
849 1947 959 1985 omnem

197 2019 296 2074 Miscet
308 2037 390 2088 egens
402 2021 465 2074 16116
479 2035 592 2073 11616616
604 2019 677 2072 111161
690 2019 806 2072 frondea
821 2019 945 2084 tnrbam;

192 2106 256 2160 Nec
269 2107 345 2175 prius
358 2107 471 2174 absistit,
487 2123 568 2176 quam
582 2111 689 2175 septem
701 2106 825 2175 ingentia
839 2106 927 2158 victor

198 2196 322 2265 Corpora
333 2196 433 2251 fundat
446 2198 522 2250 humi
535 2203 564 2251 et
576 2211 723 2249 numerum
735 2210 797 2247 enm
810 2192 927 2245 navibus
939 2195 1045 2254 aequet

197 2283 271 2337 Hinc
283 2289 394 2353 portum
407 2285 485 2352 petit,
500 2291 529 2337 et
541 2284 629 2337 socios
643 2281 763 2350 partitur
775 2281 804 2332 in
818 2279 917 2332 omnis.

197 2369 273 2424 Vina
284 2369 374 2424 bonus
387 2387 455 2439 quae
467 2370 568 2424 deinde
580 2369 655 2424 cadis
668 2376 798 2420 onerarat
813 2366 928 2419 Acestes

196 2456 290 2511 Litore
302 2457 445 2511 Trinacrio
457 2457 625 2525 dederatque
638 2454 804 2509 abeuntibus
816 2453 906 2520 heros,

196 2544 313 2614 Dividit,
328 2551 355 2598 61
368 2544 448 2599 dietis
460 2544 612 2598 maerentia
625 2547 738 2610 pectora
750 2540 869 2594 mulcet:

199 2633 248 2684 “O
262 2632 451 2700 socii-neque
464 2631 536 2685 enim
550 2630 637 2699 ignari
651 2645 744 2684 sumus
756 2633 822 2682 ante
834 2627 1007 2681 malornm-a
1046 2629 1050 2636 ‘

198 2717 307 2786 Opussi
320 2722 453 2787 graviora,
469 2719 547 2772 dabit
559 2717 626 2772 deus
638 2717 804 2786 hisquoque
817 2715 908 2768 finem.

199 2805 258 2859 Vos
270 2813 299 2860 et
311 2806 463 2872 Scyllaeam
475 2806 580 2859 rabiem
592 2805 758 2872 penitusque
771 2803 894 2857 sonantis

197 2893 322 2947 Aceestis
335 2893 469 2962 scopulos,
484 2896 575 2945 16661
588 2891 721 2959 Cyclopia
733 2907 799 2945 saxa

196 2978 327 3050 Experti:
348 2987 475 3034 16166616
489 2980 603 3046 animos,
617 2983 807 3046 maestumque
821 2978 947 3030 timorem

198 3067 301 3122 Mittite
312 3087 318 3132 ;
339 3069 433 3121 forsan
445 3073 474 3120 et
485 3065 555 3120 11666
569 3065 634 3119 611111
647 3065 804 3118 meminisse
818 3063 932 3118 iuvabit.

197 3153 251 3208 Per
263 3155 353 3209 varios
365 3171 451 3221 casus,
466 3170 515 3222 per
528 3158 570 3206 tot
583 3152 741 3205 discrimina
753 3168 845 3204 rerum

197 3239 346 3294 Tendimus
358 3242 385 3292 in
400 3240 517 3306 Latium,
532 3239 611 3293 sedes
623 3239 671 3292 ubi
684 3239 743 3292 fata
755 3237 862 3306 quietas

198 3327 372 3394 Ostendunt3
393 3326 449 3380 illic
462 3328 505 3380 fas
517 3343 603 3394 regna
615 3341 758 3392 resurgere
772 3324 879 3378 Troiae.

198 3411 311 3480 Durate,
326 3418 354 3466 et
367 3419 473 3466 vosmet
486 3414 568 3465 rebus
580 3418 687 3465 servate
701 3410 854 3464 secundis.”

233 3498 309 3553 Talia
320 3516 390 3554 1666
402 3501 494 3563 refert,
509 3500 635 3566 curisque
647 3498 805 3565 ingentibus
817 3512 899 3564 aeger
