2730 3936
521 225 659 276 VERGILI
683 223 847 275 rhamnos
869 224 889 276 Ι.

194 387 326 443 Aetheria
338 404 406 460 quos
419 388 495 457 lapsa
507 389 587 457 plaga
600 387 674 441 Iovis
686 388 742 442 ales
754 394 852 456 aperto

191 474 330 530 Turbsbat
343 475 435 543 caelo;
456 492 529 529 nunc
541 483 631 529 terres
643 476 740 529 ordine
752 476 836 544 longo

189 561 249 615 Aut
262 578 359 630 capere
371 567 420 616 ant
432 569 526 631 captas
538 564 594 616 iam
607 563 768 632 despectare
782 562 928 616 videntur:

189 647 229 702 Ut
240 648 354 702 reduces
368 649 408 702 illi
421 649 521 702 ludunt
534 649 715 703 stridentibus
727 649 785 716 alis,

188 734 226 788 Et
237 742 317 788 coetu
331 735 442 790 cinxere
454 736 557 806 polum,
571 742 724 805 cantusque
737 737 845 804 dedere,

189 821 271 875 Haud
283 821 363 875 aliter
375 839 533 892 puppesque
546 829 610 877 tuae
622 823 763 892 pubesque
776 829 886 877 tuorum

188 908 247 962 Aut
260 913 369 977 portum
383 915 467 978 tenet,
482 917 530 964 aut
541 911 623 979 pleno
636 911 710 964 subit
723 911 792 964 ostia
805 911 874 964 velo.

189 995 276 1064 Perge
290 995 380 1063 modo,
395 1001 431 1065 et,
447 1013 500 1066 que
511 1003 540 1050 te
552 997 628 1052 ducit
640 999 692 1064 vis,
708 997 801 1066 derige
814 996 964 1066 gressum.''

223 1082 309 1150 Dixit,
324 1088 353 1136 et
366 1089 495 1137 avertens
506 1101 586 1138 rosea
598 1085 704 1138 cervice
717 1085 834 1153 refulsit,

189 1168 407 1236 Ambrosiaeque
420 1184 514 1222 comae
527 1168 651 1222 divinum
667 1169 769 1223 vertice
783 1169 897 1222 odorem

188 1253 341 1322 spiravere,
355 1254 442 1322 pedes
454 1253 540 1306 vestis
552 1253 668 1307 defluxit
681 1254 716 1307 ed
729 1256 807 1320 imos,

187 1339 224 1393 Et
237 1356 302 1393 vera
313 1341 419 1393 incessu
434 1340 524 1409 patuit
536 1339 595 1394 dea
634 1340 685 1394 Ille
698 1342 744 1394 ubi
764 1348 881 1395 matrem

188 1427 319 1495 Agnovit,
334 1427 383 1480 tali
395 1427 548 1495 fugientem
563 1432 604 1481 est
615 1444 682 1482 voce
695 1438 817 1482 secutus:

188 1514 290 1580 “Quid
302 1522 399 1569 natum
412 1517 522 1583 totiens,
537 1517 656 1570 crudelis
668 1523 699 1570 tn
712 1533 827 1585 qnoque,
841 1515 919 1570 falsis

187 1601 272 1654 Ludis
284 1602 465 1670 imaginibusl
484 1619 534 1656 cur
546 1603 660 1658 dextrae
672 1605 786 1673 iungere
798 1603 924 1656 dextram

187 1687 215 1741 N
216 1705 252 1742 on
265 1688 346 1742 datur
358 1705 390 1743 ac
403 1706 482 1744 veras
494 1690 589 1744 andire
602 1697 630 1744 et
642 1691 757 1744 reddere
769 1691 869 1744 vocesl
880 1689 898 1716 ”

188 1775 299 1829 Talibus
310 1777 426 1844 incusat,
440 1793 618 1846 gressumque
631 1778 665 1832 ad
678 1778 789 1832 moenia
800 1776 900 1830 tendit.

188 1866 229 1918 At
242 1865 337 1919 Venus
350 1867 468 1920 obscuro
480 1865 630 1934 gradientis
643 1871 706 1918 aere
720 1864 828 1933 saepsit,

186 1951 224 2005 Et
236 1953 325 2007 multo
337 1954 453 2007 nebulae
466 1954 569 2007 circum
583 1953 635 2006 dea
648 1951 720 2005 fudit
732 1952 844 2020 amictu,

187 2041 307 2095 (lernere
319 2057 354 2094 ne
367 2042 429 2110 quis
439 2058 494 2106 eos,
510 2057 564 2094 neu
577 2039 637 2108 quis
649 2039 809 2106 contingere
821 2044 924 2106 posset,

186 2126 315 2182 Molirive
327 2145 443 2195 morsm,
459 2135 507 2182 aut
519 2127 645 2180 veniendi
659 2142 773 2194 poscere
785 2142 889 2180 causus.

186 2213 250 2284 Ipsa
262 2214 389 2285 Paphum
403 2215 527 2269 sublimis
539 2215 605 2280 abit,
622 2212 754 2282 sedesque
767 2213 865 2266 revisit

186 2301 272 2357 Laeta
284 2320 354 2371 suas,
368 2302 416 2356 ubi
429 2303 563 2371 templum
575 2302 624 2368 illi,
639 2306 806 2369 centumque
819 2300 926 2354 Sabaeo

186 2389 258 2444 Ture
270 2391 361 2445 calent
374 2407 437 2445 arae
449 2391 583 2458 sertisque
595 2390 753 2443 recentibus
765 2388 868 2442 halent

222 2477 388 2547 Corripuere
401 2478 473 2531 viam
485 2478 600 2536 interea.
614 2492 669 2544 qua
680 2475 778 2529 semita
789 2479 934 2528 monstrat

185 2561 300 2633 Iamque
314 2564 500 2619 ascendebant
511 2564 617 2630 collem,
633 2563 679 2631 qui
693 2562 827 2632 plurimus
838 2561 902 2614 urbi

186 2651 317 2705 Imminet
329 2651 512 2720 adversasque
525 2657 648 2720 aspectat
660 2651 779 2719 desuper
791 2665 875 2703 arces.

185 2739 302 2793 Miratur
315 2739 416 2793 molem
430 2739 547 2806 Aeneas,
562 2737 680 2806 magalia
693 2737 840 2806 quondam,

185 2825 302 2880 Miratur
314 2832 409 2894 portas
421 2825 622 2893 strepitumque
635 2830 663 2878 et
676 2829 763 2878 strata
776 2825 892 2877 viarum.

184 2911 294 2966 Instent
305 2912 433 2966 ardentes
446 2912 529 2979 Tyrii,
544 2928 607 2979 pars
619 2911 720 2965 ducere
733 2927 827 2964 muros

185 3000 330 3069 Moliriqus
343 3017 434 3054 arcem
447 3006 476 3053 et
489 2999 615 3054 manibus
627 2997 791 3052 subvolvere
805 3015 877 3065 saxa,

183 3086 253 3141 Pers
265 3094 361 3156 optare
374 3087 465 3141 locum
477 3091 553 3140 tecto
565 3094 592 3138 et
605 3084 769 3139 concludere
781 3084 874 3151 suloo;

185 3173 249 3228 lura
261 3175 492 3242 magistratusque
504 3173 599 3240 legunt
612 3179 792 3242 sanctumque
805 3177 948 3239 senaturn3

186 3261 239 3315 Hic
252 3265 349 3330 portus
362 3261 408 3315 alii
420 3260 572 3325 effodiunt3
593 3260 639 3314 hic
652 3259 708 3313 alta
720 3259 822 3312 theatri

185 3349 376 3403 Fundamenta
388 3349 481 3402 locant
494 3348 547 3412 ulii,
561 3348 743 3415 immanisque
756 3347 899 3400 columnas

185 3435 310 3504 Rupibus
323 3435 461 3501 excidunt,
476 3436 581 3488 scaenis
594 3435 695 3488 decore
707 3434 763 3488 alta
776 3435 885 3488 tuturis

185 3520 280 3586 Qualis
293 3537 359 3590 apes
371 3525 475 3575 aestate
487 3537 561 3574 nova
573 3537 623 3588 per
635 3521 722 3574 florea
735 3537 799 3574 rura
