2734 3936
555 206 693 256 VERGILI
716 206 845 256 noiomi
866 207 899 258 V.

216 364 346 420 Delectos
357 366 474 432 heroas,
495 374 577 421 erunt
590 368 673 421 etiam
686 368 772 422 altera
786 369 863 437 bella,

216 451 309 520 Atque
321 452 422 505 iterum
436 454 470 507 ad
484 454 592 508 Troiam
606 472 722 523 magnus
734 456 862 508 mittetur
875 456 1005 510 Achilles.

217 539 297 607 Hinc,
312 539 359 592 ubi
371 540 425 592 iam
440 540 550 594 firmata
563 543 652 594 virum
666 548 694 595 te
707 543 808 595 fecerit
820 547 903 610 aetas

216 625 303 679 Cedet
315 630 343 680 ot
355 627 415 695 ipse
427 628 496 680 mari
511 636 613 695 vector,
627 645 679 682 neo
692 629 803 682 nautica
815 629 897 696 pinus

215 711 334 764 Mutabit
347 728 468 765 meroes:
490 714 579 766 omnis
592 714 662 766 ieret
675 714 767 766 omnia
779 713 869 766 tellus.

216 798 281 851 Non
294 804 397 852 rastros
409 799 530 866 patietur
542 799 649 867 humus,
665 817 720 853 uon
734 800 815 854 vinea
827 800 924 853 falcem
935 819 941 868 ;

215 885 355 938 Robustus
369 902 475 954 quoquo
487 887 542 938 iam
555 887 641 938 tauris
652 887 717 954 iuga
729 887 818 940 solvet
831 892 939 955 arator,

215 971 240 1025 N
244 989 274 1025 ec
287 971 378 1025 varios
391 971 478 1026 discet
490 973 601 1025 mentiri
614 973 678 1026 lana
690 973 804 1042 colores,

215 1057 277 1126 ipse
290 1057 337 1111 sed
350 1059 378 1110 in
392 1059 478 1126 pratis
491 1059 560 1112 aries
572 1059 627 1112 iam
641 1076 725 1112 suave
738 1061 848 1114 rubenti

215 1145 327 1213 Murice,
342 1145 397 1198 iam
411 1162 508 1200 croceo
520 1146 640 1200 mutabit
654 1146 757 1201 vellera
768 1147 845 1215 iuto;

215 1231 320 1299 Sponte
333 1249 383 1285 sua
395 1233 500 1300 sandyx
513 1234 650 1302 pascentis
664 1234 764 1287 vestiet
777 1251 869 1302 agnos.

216 1320 233 1347 ‘⁴
243 1319 318 1371 Talia
331 1319 446 1387 saecla,’'
460 1321 516 1372 suis
529 1321 666 1388 dixerunt,
683 1321 837 1389 “cur1·ite,”
851 1321 921 1374 fusis

215 1405 371 1459 Concordes
384 1406 475 1460 stabili
488 1407 606 1460 fatorum
619 1408 732 1461 numine
744 1407 855 1461 Parcae.

214 1491 374 1559 Aggredere
388 1509 404 1546 o
418 1494 657 1561 magnos-aderit
669 1495 723 1547 iam
738 1495 1011 1564 tempus--honoros,¹

215 1577 286 1632 Gara
298 1579 379 1632 deum
393 1580 510 1649 suboles,
524 1597 654 1649 magnum
666 1581 741 1636 iovis
754 1582 954 1635 incrementum
965 1583 971 1635 Ι

214 1665 316 1731 Aspice
329 1683 453 1720 convexo
466 1672 609 1721 nutantem
625 1667 746 1736 pondere
758 1669 901 1736 mundum,

214 1751 363 1820 Terraeque
376 1758 534 1822 tractusque
547 1755 631 1809 maris
643 1756 803 1824 caelumque
815 1755 994 1824 profundum,

214 1839 323 1907 Aspice,
339 1848 454 1894 venturo
467 1841 605 1895 laetantur
618 1847 649 1896 ut
662 1843 753 1896 omnia
765 1842 872 1896 saeclo!

214 1927 238 1978 Ο
252 1927 316 1978 mihi
330 1935 386 1980 tam
401 1928 499 1996 longae
512 1937 623 1983 maneat
635 1947 699 1998 pars
712 1930 808 1984 ultima
821 1930 904 1999 vitae,

213 2013 330 2080 Spiritus
344 2019 378 2082 et,
394 2021 525 2082 quantum
538 2022 581 2070 sat
593 2017 646 2070 erit
657 2021 706 2070 tua
718 2016 809 2070 dicere
821 2017 913 2071 facta:

213 2100 238 2152 N
241 2117 278 2153 on
290 2118 334 2154 me
347 2103 515 2155 carminibus
528 2104 620 2157 vincet
633 2121 685 2158 neo
697 2103 831 2160 Thracius
844 2105 979 2172 Orpheus,

213 2187 272 2240 Neo
285 2188 376 2256 Linus,
391 2189 455 2243 huic
468 2198 556 2244 mater
569 2193 694 2259 quamvis
707 2198 789 2262 atque
803 2191 869 2246 huic
881 2196 960 2261 pater
973 2191 1053 2259 adsit,

213 2274 318 2343 Orphei
332 2277 479 2345 Calliopea,
495 2278 565 2330 Lino
578 2279 716 2332 formosus
730 2279 841 2349 Apollo,

212 2362 271 2415 Pau
284 2365 375 2432 etiam,
390 2364 510 2419 Arcadia
521 2382 629 2419 mecum
643 2367 665 2418 si
679 2367 767 2420 iudico
781 2372 877 2434 certet,

212 2448 270 2502 Pan
284 2451 367 2504 etiam
380 2451 499 2505 Arcadia
513 2453 586 2506 dicat
598 2470 627 2506 se
638 2453 729 2507 iudice
741 2454 854 2507 victum.

211 2538 312 2606 Incipe,
328 2555 412 2606 parve
424 2555 500 2607 puer,
515 2541 571 2592 risu
585 2557 750 2607 cognoscere
762 2545 895 2594 matrem:

210 2625 293 2677 Matri
306 2625 389 2693 longa
401 2624 495 2679 decem
509 2627 632 2680 tulerunt
645 2626 757 2681 fastidia
769 2642 891 2695 menses,

210 2711 313 2780 incipe,
327 2729 412 2780 parve
424 2729 508 2780 puer:
529 2714 572 2766 oui
585 2730 642 2766 non
654 2715 739 2768 risere
750 2720 886 2781 parentes,

210 2798 270 2852 Neo
283 2798 351 2852 deus
362 2799 437 2853 hunc
450 2816 552 2869 mensa,
567 2801 619 2854 dea
631 2817 682 2854 nec
695 2801 809 2869 dignata
821 2799 905 2854 cubili
917 2805 967 2854 est.

666 2957 763 2966 „—-..

610 3048 762 3104 ECLOGA
786 3048 822 3104 V.

640 3155 798 3202 DAPHNIS.

560 3264 718 3303 unnnnoas.
755 3264 871 3302 uorsus.

209 3352 284 3406 Mna.
304 3353 360 3407 Gur
372 3370 436 3419 non,
451 3351 555 3422 Mopse,
570 3353 635 3406 boni
648 3353 777 3421 quoniam
791 3352 971 3406 convenimus
982 3351 1072 3416 ambo,

209 3438 248 3490 Tu
262 3440 382 3493 calamos
393 3440 489 3494 inflare
502 3440 576 3507 levis,
592 3457 642 3507 ego
655 3440 746 3494 dicero
760 3457 861 3506 versus,

211 3524 262 3576 Hic
275 3527 375 3590 corylis
389 3526 489 3578 mixtas
502 3527 574 3578 iuter
587 3527 752 3578 consulimus
766 3527 873 3579 ulmos?
