2730 3936
523 237 660 288 VERGILI
683 238 870 287 GEORGIOON
893 237 937 287 IV.

218 403 361 472 Obviaque
373 402 502 471 hospitiis
515 407 608 455 teneat
621 401 813 455 frondentibus
827 401 917 455 arbos.

217 491 251 544 ln
263 490 392 556 medium,
408 506 454 543 seu
468 489 552 543 stabit
564 489 645 555 iners,
660 505 707 542 seu
720 487 841 556 profluet
852 503 940 556 umor,

218 579 398 633 Transversas
411 577 506 630 salices
520 582 547 630 et
560 576 675 644 grandia
687 576 782 629 conice
795 591 868 643 saxa,

217 667 354 720 Pontibus
366 669 397 717 ut
410 663 513 718 crebris
526 664 633 732 possint
645 663 797 717 consistere
810 667 839 715 et
851 661 907 715 alas

218 752 343 806 Pandere
356 752 390 805 ad
403 751 539 804 aestivum
552 751 646 817 solem,
662 750 684 802 si
697 751 772 803 forte
785 749 919 803 morantis

218 839 355 908 sparserit
367 843 414 890 aut
428 854 558 905 praeceps
572 836 704 905 Neptuno
717 836 883 889 immerserit
895 835 993 890 Eurus.

218 926 293 980 llaec
306 927 409 980 circum
421 925 509 978 casiae
523 923 624 976 virides
637 931 664 977 et
677 923 780 977 olentia
792 923 848 976 late

217 1013 343 1082 Serpylla
355 1018 383 1066 et
396 1013 519 1080 graviter
532 1010 663 1079 spirantis
677 1011 758 1079 copia
770 1009 917 1076 thymbrae

217 1101 333 1170 Floreat,
349 1100 542 1168 inriguumque
556 1098 653 1152 bibant
667 1097 781 1150 violaria
792 1095 907 1150 fontem.

216 1187 280 1256 Ipsa
292 1193 392 1253 autem,
407 1204 455 1240 seu
468 1186 615 1240 corticibus
628 1185 678 1238 tibi
692 1189 754 1238 suta
767 1184 880 1252 cavatis,

217 1275 270 1329 Seu
283 1275 360 1328 lento
372 1275 478 1327 fuerint
491 1273 612 1327 alvearia
626 1271 728 1324 vimine
741 1276 829 1348 texta,-

217 1363 357 1429 Augustos
370 1362 491 1415 habeant
504 1359 608 1414 aditus:
629 1365 694 1412 rium
708 1359 811 1427 frigore
823 1359 906 1412 mella

217 1446 299 1514 Cogit
311 1447 407 1513 hiems,
423 1446 572 1515 eademque
585 1444 659 1499 calor
672 1445 820 1513 liquefacta
832 1444 959 1498 remittit.

184 1593 187 1601 ¹
216 1533 340 1602 Utraque
352 1534 394 1586 vis
407 1533 503 1602 apibus
516 1533 620 1601 pariter
632 1532 794 1596 metuenda3
816 1548 905 1601 neque
918 1531 981 1585 illae

217 1621 390 1689 Nequiquam
402 1621 432 1673 in
444 1620 525 1674 tectis
537 1620 665 1674 certatim
678 1619 773 1673 tenuia
785 1635 849 1673 cera

217 1709 392 1776 spiramenta
403 1707 501 1773 linunt,
515 1708 635 1776 fucoque
648 1713 676 1760 et
687 1706 800 1761 floribus
813 1723 876 1760 oras

216 1795 344 1865 Explent‚
359 1796 558 1864 collectumque
571 1795 639 1849 haec
651 1795 712 1863 ipsa
724 1794 758 1848 ad
771 1810 885 1847 munera
898 1794 993 1862 gluten

216 1883 254 1937 ut
268 1885 341 1936 visco
354 1889 382 1936 et
395 1883 533 1951 Phrygiae
546 1887 657 1936 servant
669 1882 729 1951 pice
742 1881 844 1935 lentius
857 1881 930 1935 ldae.

217 1971 304 2040 Saepe
317 1971 400 2024 etiam
414 1970 527 2039 effossis,
542 1970 564 2023 si
578 1987 642 2024 vera
654 1971 789 2038 esthama,
805 1970 918 2024 latebris

218 2058 274 2112 Sub
287 2064 362 2112 terra
373 2059 470 2112 fovere
482 2058 577 2126 larem,
590 2058 755 2127 penitusque
767 2063 894 2126 repertae

217 2146 429 2214 Pumicibusque
442 2145 516 2198 cavis
529 2161 679 2214 exesaeque
692 2145 798 2199 arboris
810 2151 899 2200 antro.

217 2234 257 2286 Tu
270 2239 363 2286 tamen
376 2240 404 2286 et
416 2232 471 2286 levi
483 2231 586 2287 rimosa
598 2232 700 2286 cubilia
711 2232 778 2286 limo

218 2321 297 2390 Unge
309 2323 409 2375 fovens
422 2321 533 2388 circum,
548 2325 575 2374 et
587 2337 664 2375 raras
676 2320 829 2389 superinice
842 2319 962 2374 frondes.

217 2407 280 2464 Neu
293 2410 406 2478 propius
415 2407 497 2462 tectis
509 2414 604 2462 taxum
619 2409 684 2476 sine,
698 2425 769 2462 neve
783 2407 908 2461 rubentis

217 2497 274 2550 Ure
286 2498 350 2550 foco
363 2513 484 2564 eunome,
499 2495 570 2549 altae
582 2512 636 2548 neu
648 2495 730 2549 crede
742 2494 845 2564 paludi,

218 2587 277 2638 Aut
289 2584 336 2638 ubi
349 2584 419 2637 odor
431 2583 508 2637 caeni
521 2583 618 2651 gravis,
634 2588 682 2636 aut
694 2583 742 2636 ubi
755 2599 878 2637 concava
890 2581 970 2650 pulsu

217 2672 289 2726 Sarra
302 2677 401 2724 sonant
414 2671 543 2738 vocisque
555 2670 660 2724 offensa
672 2670 787 2724 resultat
799 2671 898 2738 image.

253 2758 334 2824 Quod
347 2762 479 2826 superest,
494 2757 541 2810 ubi
551 2756 654 2825 pulsam
667 2755 787 2810 hiemem
800 2757 848 2810 Sol
861 2772 960 2810 aureus
972 2755 1029 2824 egit

217 2845 274 2900 Sub
286 2854 374 2899 terras
387 2844 547 2914 caelumque
559 2846 664 2898 aestiva
675 2844 736 2898 luce
748 2844 869 2913 reclusit,

217 2934 283 2988 lllae
297 2934 429 2987 continuo
442 2932 526 2986 saltus
540 2932 676 3001 silvasque
687 2943 835 3000 peragrant

216 3023 428 3091 Purpureosque
440 3026 550 3074 metunt
562 3019 645 3073 flores
657 3024 684 3074 et
697 3019 811 3073 flumina
822 3019 911 3073 libant

216 3107 329 3160 Summa
340 3107 422 3162 leves.
461 3107 534 3161 Hinc
546 3108 639 3161 nescio
652 3123 706 3176 qua
718 3106 863 3162 dulcedine
875 3105 963 3160 laetae

216 3194 380 3262 Progeniem
393 3195 527 3264 nidosque
539 3195 645 3263 fovent,
660 3195 725 3249 hinc
739 3200 798 3249 arte
810 3194 930 3248 recentis

216 3281 365 3336 'Excuduut
378 3299 454 3337 ceras
466 3288 494 3337 et
506 3282 588 3336 mella
599 3283 708 3336 tenacia
720 3281 837 3350 fingunt.

217 3369 289 3423 Hinc
303 3371 348 3424 ubi
361 3371 417 3424 iam
430 3371 559 3424 emissum
573 3370 664 3423 caveis
677 3369 711 3422 ad
724 3370 813 3422 sidera
826 3368 894 3423 caeli

216 3455 290 3510 Nare
303 3474 351 3525 per
364 3461 495 3510 aestatem
509 3456 639 3524 liquidam
653 3458 806 3524 suspexeris
818 3471 917 3522 agmen

217 3543 424 3612 Obscuramque
437 3542 511 3595 trahi
524 3547 608 3596 vento
620 3543 756 3596 mirabere
769 3543 879 3606 nubem,
