2656 3940
417 205 554 256 VERGILI
576 208 741 258 AENlllDOS
763 207 806 259 IX.

97 369 122 422 Ο
135 385 202 423 vere
214 368 363 437 Phrygiae,
377 385 467 438 neque
480 371 555 422 enim
567 369 699 437 Phryges,
713 371 752 423 ite
765 369 883 438 peralta

96 456 249 526 Dindyma,
263 457 309 511 ubi
323 457 446 513 adsuetis
458 458 575 510 biforem
589 457 638 510 dat
650 457 718 510 tibia
730 463 851 511 cantum.

97 544 244 613 Tympana
256 561 306 597 vos
318 545 462 614 buxusque
475 550 556 598 vocat
568 543 733 611 Berecyntia
745 543 843 597 Matris

97 631 212 684 Idaeae:
233 631 314 684 sinite
327 647 405 684 arma
417 631 490 698 viris,
505 640 534 684 et
546 630 637 684 cedite
650 630 750 684 lerr0.’'

97 718 177 772 Talia
188 718 338 771 iactantem
352 718 433 772 dictis
445 735 476 772 ao
489 718 550 772 dira
562 723 705 772 canentem

97 805 164 858 Non
176 804 244 857 tulit
256 804 407 873 Ascanius,
427 821 567 874 nervoque
580 805 714 858 obversus
727 805 827 874 equino

97 892 254 946 Contendit
266 892 360 954 tolum,
375 893 538 961 diversaque
550 892 679 946 bracchia
692 892 794 946 ducens

97 979 243 1044 Constitit,
258 984 322 1033 aute
335 979 432 1033 Iovem
445 979 560 1049 supplex
574 995 622 1048 per
635 985 701 1034 vota
713 985 856 1048 precatus:

98 1069 116 1096 “
125 1067 254 1135 luppiter
268 1069 452 1135 omnipotens,
465 1066 613 1121 audacibus
626 1065 716 1120 minue
729 1068 843 1136 coeptis.

96 1153 161 1223 Ipse
174 1153 227 1207 tibi
240 1153 274 1206 ad
287 1159 336 1207 tua
347 1153 452 1223 templa
465 1155 549 1207 leram
565 1154 710 1208 sollemnia
722 1154 803 1221 dona,

96 1242 136 1295 Et
148 1248 270 1295 statuam
283 1248 348 1295 autc
361 1258 421 1295 aras
434 1248 530 1295 aurata
540 1242 634 1295 fronte
646 1243 801 1309 iuvencum,

98 1330 281 1397 Gaudentem,
296 1331 453 1398 pariterque
466 1335 551 1398 caput
562 1346 624 1384 cum
637 1336 726 1384 matrs
737 1330 882 1394 ferentem,

97 1418 157 1470 lam
172 1433 259 1470 cornu
269 1421 347 1485 petat
361 1417 518 1484 etpedibus
533 1417 579 1485 qui
592 1425 703 1486 spargat
715 1416 875 1472 harenam.”

98 1504 199 1558 Audiit
211 1510 240 1558 et
253 1503 322 1557 caeli
335 1503 452 1558 Genitor
466 1505 499 1558 de
512 1511 591 1573 parte
604 1521 701 1559 serena

97 1592 228 1646 intonuit
240 1591 365 1645 laevum:
387 1597 467 1645 sonat
480 1609 535 1646 una
548 1592 642 1646 fatifer
655 1609 742 1646 arcus.

96 1679 205 1748 Effugit
217 1677 384 1731 horrendum
398 1679 517 1733 stridens
529 1679 647 1734 adducta
659 1681 766 1748 sagitta,

95 1767 207 1836 Perque
220 1773 303 1835 caput
316 1766 425 1820 Remuli
439 1768 557 1820 renitet
570 1784 638 1821 cava
649 1775 775 1836 tempora
787 1768 863 1822 ferro

96 1854 211 1908 'I'raioit
251 1855 268 1882 “
277 1853 299 1922 l,
313 1854 406 1916 verbis
416 1834 547 1908 virtutem
558 1853 653 1908 inlude
666 1855 804 1922 superbis!

96 1942 147 1995 Bis
160 1943 235 2011 capti
249 1942 374 2012 Phryges
388 1938 455 1997 haec
468 1943 578 1996 Rutulis
590 1959 721 2012 responsa
733 1941 908 1996 remittunt.’'

97 2029 161 2083 Hoc
174 2035 284 2082 tautum
298 2030 449 2096 Ascanius3
471 2030 569 2084 Teucri
582 2030 702 2084 clamore
714 2035 867 2099 sequuntur

97 2117 274 2186 Laetitiaque
286 2118 410 2171 fremunt
423 2118 581 2186 animosque
595 2117 628 2171 ad
642 2117 732 2171 sidera
743 2117 855 2171 tollunt.

97 2203 237 2258 Aetheria
248 2210 307 2258 tum
320 2205 395 2259 forte
407 2205 488 2274 plaga
501 2206 617 2259 crinitus
629 2204 732 2274 Apollo

96 2290 227 2359 Desuper
241 2292 379 2345 Ausonias
392 2292 463 2346 acies
476 2293 628 2361 urbemque
643 2291 760 2360 videbat,

97 2378 182 2432 Nube
195 2378 302 2444 sedens,
317 2384 399 2448 atque
412 2381 456 2433 his
469 2381 603 2434 victorem
616 2379 728 2433 adfatur
742 2378 848 2432 Iulum:

99 2465 220 2519 “Macte
232 2482 305 2519 nova
317 2467 429 2534 virtute,
444 2484 526 2535 puer,
549 2467 588 2521 sio
601 2467 658 2519 itur
670 2466 705 2520 ad
718 2472 801 2533 astra,

97 2552 149 2606 Dis
161 2553 256 2619 genite
269 2558 298 2606 et
310 2554 437 2620 geniture
449 2555 522 2608 deos.
562 2555 625 2607 lure
639 2555 731 2606 omnia
744 2552 817 2607 bella

97 2640 191 2694 Geute
204 2639 256 2692 sub
271 2639 395 2694 Assaraoi
409 2641 470 2694 fato
483 2645 601 2694 ventura
613 2640 744 2709 resident,

97 2726 159 2781 Nec
172 2732 202 2780 te
215 2727 298 2780 Troia
310 2727 411 2795 capit.’‘
448 2727 537 2780 Simul
549 2727 619 2782 haec
632 2728 733 2782 effatus
745 2728 780 2780 ab
793 2726 850 2781 alto

97 2815 226 2869 Aethere
239 2831 268 2867 se
280 2815 375 2879 mittit,
390 2815 520 2882 spirantis
532 2815 657 2869 dimovet
670 2832 758 2880 auras,

97 2902 305 2970 Ascaniumque
317 2901 396 2969 petit.
435 2901 564 2956 Formam
577 2907 636 2955 tum
652 2903 771 2956 vertitur
785 2902 840 2954 oris

97 2989 256 3058 Antiquum
270 2989 300 3040 in
313 2988 414 3042 Buten.
453 2988 506 3042 Hio
519 2988 661 3042 Dardanio
674 2989 817 3042 Anchisae

98 3076 231 3145 Armiger
244 3081 308 3129 aute
321 3077 378 3128 fuit
386 3075 512 3144 fidusque
524 3075 556 3129 ad
571 3075 667 3128 limina
679 3080 788 3134 eustos:

96 3164 167 3219 ‚Tum
181 3164 311 3217 comitem
324 3163 448 3216 Ascanio
459 3169 539 3231 pater
551 3162 665 3216 addidit.
701 3162 765 3215 Ibat
776 3161 879 3230 Apollo

99 3251 201 3305 Omnia
212 3251 348 3321 longaevo
359 3249 465 3318 similis,
481 3265 631 3318 vocemque
644 3249 820 3318 coloremque

98 3339 135 3394 Et
146 3340 231 3394 urinis
243 3339 321 3394 albos
335 3344 364 3392 et
373 3355 455 3391 saeva
467 3337 614 3391 sonoribus
627 3353 710 3404 arma,

100 3427 190 3497 Atque
203 3428 246 3482 his
259 3429 404 3482 ardentem
419 3425 501 3479 dictis
514 3425 624 3478 adlatur
637 3425 742 3478 lulum:

100 3516 165 3570 “Sit
177 3518 253 3585 satis,
268 3516 390 3581 Aenide,
403 3512 468 3566 telis
481 3513 593 3582 impune
607 3513 768 3567 Numanum
