2668 3942
423 242 562 292 venerut
584 241 749 290 Anufflnos
774 240 829 289 ΧΠ.

115 410 188 464 Sunt
200 407 254 461 tibi
266 423 353 475 regna
364 406 450 475 patris
462 405 562 472 Dauni,
576 411 640 458 suut
652 403 756 472 oppida
766 407 848 471 capta

115 498 207 551 Multa
218 510 318 558 manu;
338 509 390 546 nec
403 509 460 546 uon
472 507 624 560 eurumque
637 491 798 558 animusque
810 489 911 543 Latino
923 493 979 556 est3

116 587 189 640 Sunt
202 583 271 637 aliae
283 581 416 648 innuptae
429 579 509 634 Latio
521 585 549 633 et
563 577 745 632 Laurentibus
757 577 837 644 egris,

116 675 179 730 Nec
192 688 278 742 genus
290 667 443 722 indecores.
482 665 603 720 Sinerem
616 665 684 718 haec
697 663 771 718 haud
783 663 877 718 mollia
888 663 949 718 fatu

116 762 242 816 Sublatis
255 758 360 828 aperire
373 754 459 820 dolis;
482 752 562 807 simul
575 753 627 806 boc
641 752 734 806 auimo
747 751 843 804 hauri:

118 851 163 904 Me
176 859 271 904 natam
283 846 350 899 nulli
366 851 489 896 ueterum
497 841 607 894 sociare
620 855 766 908 procorum

115 939 171 992 Fas
184 945 252 1006 erat,
266 937 348 1006 idque
361 953 456 990 omnes
468 932 578 1000 divique
591 929 771 996 hominesque
784 927 929 988 canebant.

115 1026 221 1080 Victus
233 1041 326 1078 amore
339 1025 389 1091 tui,
404 1031 521 1090 cognato
535 1017 667 1085 sauguine
679 1016 777 1084 victus,

117 1112 253 1182 Coniugis
266 1120 293 1168 et
305 1121 424 1167 maestae
436 1110 565 1174 lacrimis,
580 1107 671 1162 vincla
682 1106 775 1159 omnia
788 1105 864 1174 rupi:

83 1253 97 1284 ο
116 1203 288 1256 Promissam
301 1202 389 1270 eripui
401 1218 519 1269 genero,
543 1215 620 1253 arma
634 1197 719 1266 impia
732 1194 844 1262 sumpsi.

115 1288 161 1341 Ex
173 1288 223 1342 illo
235 1288 281 1356 qui
294 1304 337 1341 me
349 1304 436 1354 casus,
451 1303 528 1356 quae,
544 1285 642 1350 Turne,
658 1291 809 1352 sequuntur

116 1375 205 1443 Bella,
219 1375 304 1444 vides,
319 1381 436 1444 quantos
449 1375 553 1444 primus
566 1375 671 1444 patiare
684 1372 801 1426 labores.

116 1464 166 1517 Bis
178 1481 279 1532 magna
292 1463 357 1518 victi
371 1480 463 1532 pugna
477 1463 522 1516 vix
538 1463 604 1516 urbe
618 1467 728 1516 tuemur

116 1552 187 1620 Spes
201 1551 298 1616 Italas3
318 1550 440 1604 recalent
452 1556 549 1604 nostro
564 1551 693 1604 Tiberina
705 1551 809 1604 fluente

116 1639 259 1707 Sanguine
271 1638 368 1702 adhuc,
383 1639 526 1707 campique
539 1639 664 1706 ingentes
677 1640 783 1694 ossibus
796 1639 896 1692 albent.

116 1727 181 1793 Quo
194 1729 301 1780 referor
313 1727 433 1780 totiensl
453 1743 522 1796 quae
536 1737 657 1782 mentem
670 1729 777 1783 insanie
789 1730 899 1783 mutati

115 1815 155 1881 Si,
170 1813 265 1867 Turno
278 1814 422 1882 exstincto,
436 1815 525 1870 socios
537 1833 598 1868 sum
611 1817 698 1872 ascire
712 1822 831 1886 paratus,

117 1902 176 1956 Gur
188 1918 254 1969 nou,
267 1900 406 1969 incolumi,
421 1901 514 1970 potius
525 1904 678 1958 certamina
690 1904 777 1959 tollol

117 1989 194 2055 Quid
207 1989 403 2056 consanguinei
415 1987 517 2056 Rutuli,
534 1990 599 2058 quid
613 1997 705 2046 cetera
717 1992 791 2046 dicet

115 2076 209 2143 Italia,
223 2075 259 2130 ad
270 2080 390 2129 mortem
401 2076 424 2129 si
436 2076 569 2132 te-Fors
583 2077 659 2132 dicta
671 2080 776 2134 refutet
784 2081 830 2135 l-

115 2162 300 2226 Prodiderim,
315 2167 407 2216 natam
421 2171 449 2217 et
462 2164 580 2218 conubia
594 2170 690 2221 nostra
702 2168 861 2235 petenteml

116 2252 237 2320 Respice
249 2268 294 2304 res
305 2250 377 2304 bello
391 2251 495 2318 varias3
519 2252 649 2307 miserere
662 2255 784 2322 parentis

115 2338 267 2408 Lougaevi,
282 2355 362 2408 quem
376 2355 450 2393 nuuc
462 2346 595 2398 maestum
610 2343 700 2409 patria
713 2342 807 2397 Ardea
817 2343 900 2410 longe

115 2425 255 2480 Dividit.’'
293 2425 511 2495 Haudquaquam
525 2427 605 2480 dictis
619 2429 751 2482 violentia
764 2430 848 2484 Turni

115 2515 270 2580 Flectitur3
291 2518 437 2582 exsuperet
449 2515 545 2584 inagis,
561 2516 748 2584 aegrescitque
760 2516 906 2570 medendo.

116 2603 157 2656 Ut
169 2603 292 2671 primum
304 2602 353 2655 fari
367 2601 465 2670 potnit,
481 2602 520 2656 sic
533 2602 636 2656 institit
648 2619 711 2657 ore:

119 2698 136 2721 ·‘
147 2691 238 2756 Quam
253 2706 303 2759 pro
315 2706 359 2742 me
372 2706 466 2743 curam
480 2690 560 2757 geris,
576 2689 647 2744 hano
661 2707 766 2759 precor,
781 2692 892 2759 optime,
908 2707 958 2760 pro
970 2708 1015 2745 me

116 2779 258 2847 Deponas,
272 2778 413 2845 letumque
425 2778 499 2830 sinas
512 2793 563 2845 pro
576 2777 655 2830 laude
668 2778 777 2846 pacisci.

115 2866 154 2920 Et
166 2882 219 2918 nos
231 2865 294 2933 tela,
307 2869 393 2933 pater,
408 2866 570 2934 ferrumque
582 2865 658 2919 haud
671 2865 760 2919 debilc
773 2865 871 2920 dextra

116 2953 295 3022 Spargimns3
315 2958 343 3006 et
355 2960 451 3007 nostro
465 2953 587 3021 sequitur
600 2953 634 3006 de
647 2953 761 3007 volnere
774 2954 892 3021 sanguis.

116 3042 213 3110 Longe
224 3041 265 3094 illi
278 3040 329 3094 dea
340 3047 430 3095 mater
443 3041 504 3108 erit,
520 3058 589 3110 quae
601 3041 675 3094 nube
687 3041 811 3110 fugacem

115 3129 249 3184 Feminea
260 3134 345 3196 tegat,
360 3135 388 3182 et
401 3129 479 3182 vanis
491 3145 549 3182 sese
561 3129 670 3182 occulat
682 3128 815 3183 umbris.”

153 3217 194 3271 At
206 3218 310 3285 regina,
324 3233 397 3270 nova
409 3233 518 3285 pugnae
530 3216 681 3271 conterrita
693 3221 774 3281 sorte,

116 3305 222 3373 Flebat,
237 3310 266 3358 et
278 3304 423 3358 ardentem
436 3320 568 3369 generum
580 3303 717 3357 moritura
729 3304 859 3356 tenebat:

119 3395 137 3421 “
146 3393 245 3460 Turne,
259 3410 310 3462 per
322 3393 373 3445 hus
386 3408 436 3460 ego
449 3395 478 3444 te
489 3389 623 3458 lacrimas,
637 3407 687 3459 per
700 3390 722 3443 si
736 3390 795 3458 quis
808 3390 924 3442 Amatae

118 3481 217 3549 Tangit
229 3481 318 3534 honos
330 3479 564 3546 animum-spes
575 3485 606 3531 tu
620 3493 693 3530 nnnc
706 3492 768 3542 una,
784 3482 910 3529 senectae

117 3568 159 3622 Tu
171 3568 279 3637 requies
291 3566 408 3620 miserae
419 3584 425 3633 ς
447 3564 530 3618 decus
541 3565 743 3633 imperiumque
755 3562 846 3616 Latini
