2656 3940
422 214 559 264 VERGILI
582 216 746 266 autumnos
769 219 825 268 Vll

124 374 262 431 instituere
275 377 361 446 pedis,
376 377 476 430 crudus
488 378 557 446 tegit
570 369 656 432 altera
667 395 746 446 pero.

154 462 193 515 At
203 462 351 533 Messapus,
367 480 468 532 equum
483 464 612 534 domitor,
628 464 770 534 Neptunia
782 465 881 534 proles,

124 548 204 614 Quem
218 566 306 619 neque
318 551 363 604 fas
374 550 432 619 igni
446 533 572 620 cuiqnam
587 569 638 605 nec
646 559 775 607 sternere
790 553 871 621 ferro,

122 635 292 706 Iampridem
306 637 409 698 resides
422 639 539 708 populos
552 639 719 709 desuetaque
732 640 806 694 bello

124 722 235 790 Agmina
246 725 276 777 in
289 741 366 778 arma
379 731 458 779 vocat
471 726 571 794 subito,
586 727 746 795 ferrumque
759 733 901 782 retractat.

122 809 156 861 Hi
167 811 350 866 Fescenninas
362 812 434 867 acies
447 829 602 882 aequosque
615 813 745 880 Faliscos,

121 895 155 948 Hi
167 897 285 952 Soractis
298 898 402 953 habent
415 916 491 953 arces
504 900 684 970 Flaviniaque
697 917 770 970 arva,

120 983 153 1036 Et
165 984 265 1038 Cimini
277 1004 339 1040 cum
353 993 448 1041 monte
459 987 550 1041 lacum
564 988 694 1060 lucosque
708 991 842 1060 Capenos.

120 1070 195 1126 Ibant
208 1074 319 1142 aequati
330 1090 454 1141 numero,
469 1091 616 1145 regemque
630 1078 780 1132 canebant:

121 1157 172 1211 (len
185 1160 322 1228 quondam
335 1161 409 1216 nivei
422 1161 526 1230 liquida
539 1163 612 1217 inter
626 1166 721 1220 nubila
731 1167 812 1235 cycni

121 1245 184 1298 Gom
197 1263 256 1301 sese
269 1265 284 1300 e
297 1251 378 1316 pastu
391 1249 513 1302 referunt
528 1255 556 1302 et
571 1251 652 1319 longa
665 1270 782 1307 canoros

120 1333 189 1389 Dant
201 1352 252 1404 per
262 1335 334 1389 colla
347 1335 458 1406 mod0s3
482 1344 563 1392 sonat
578 1340 667 1393 amnis
680 1345 708 1394 et
721 1341 789 1394 Asia
801 1341 883 1410 longe

120 1419 197 1476 Pulsa
209 1425 297 1491 palus.

119 1507 173 1563 Nec
186 1513 330 1581 quisquam
343 1518 450 1567 aeratas
464 1515 536 1568 acies
549 1532 583 1568 ex
597 1516 705 1584 agmine
719 1520 798 1570 tanto

120 1595 221 1652 Misceri
233 1605 322 1667 putet,
339 1601 441 1654 aeriam
455 1602 504 1655 sed
516 1604 623 1672 gurgite
637 1604 671 1656 ab
685 1603 741 1657 alto
786 1649 826 1693 s

94 1667 212 1752 'llrgeri
224 1687 369 1740 volucrum
384 1704 527 1742 raucarum
542 1690 578 1743 ad
589 1690 673 1744 litora
685 1691 797 1744 nubem.

150 1771 219 1826 Ecce
232 1772 400 1828 Sabinorum
412 1777 504 1844 prisco
517 1777 551 1830 de
567 1779 700 1845 sanguine
714 1795 844 1846 magnum

120 1859 220 1928 Agmen
234 1879 320 1930 agens
334 1862 449 1916 Clausus
461 1865 608 1934 magnique
621 1866 679 1933 ipse
692 1866 807 1934 agminis
818 1865 920 1932 instar3
953 1860 957 1866 ’

121 1946 227 2002 Claudia
240 1966 315 2004 nunc
328 1967 345 2004 a
357 1967 411 2019 quo
424 1950 590 2005 diffunditur
604 1960 632 2005 et
645 1953 733 2006 tribus
746 1959 775 2006 et
787 1970 854 2020 gens

120 2035 169 2089 Per
181 2037 300 2107 Latium,
315 2043 461 2108 postquam
474 2040 503 2091 in
519 2048 626 2108 partem
643 2040 708 2094 data
721 2040 809 2094 Roma
820 2039 937 2094 Sabinis.

121 2125 178 2180 Una
188 2128 287 2196 ingens
302 2127 447 2180 Amiterna
460 2127 559 2180 cohors
572 2129 708 2196 priscique
723 2127 852 2192 Quirites,

120 2212 191 2267 Ereti
203 2232 303 2268 manus
316 2214 405 2267 omnis
418 2214 614 2283 oliviferaeque
629 2214 786 2291 Mutuscae3

121 2303 169 2368 Qui
180 2304 353 2360 Nomentum
368 2306 471 2373 urbem,
489 2305 536 2372 qui
550 2303 640 2356 Rosea
654 2320 719 2356 rura
731 2302 834 2368 Velini,

121 2381 169 2456 Qii
181 2393 307 2447 Tetricae
320 2392 460 2446 horrentis
473 2409 555 2460 rupes
571 2396 749 2459 montemque
758 2389 895 2462 ‚Severum

121 2475 330 2548 Casperiamque
343 2479 438 2533 colunt
450 2477 620 2546 Forulosque
635 2482 662 2529 et
675 2476 776 2528 flumen
791 2474 940 2541 Himellae;

122 2564 170 2629 Qui
181 2566 303 2620 Tiberim
317 2567 500 2634 Fabarimque
514 2565 619 2630 bibunt,
636 2581 705 2632 qnos
718 2563 817 2631 frigida
829 2562 904 2614 misit

121 2650 223 2721 Nursia,
238 2661 267 2709 et
281 2655 396 2709 Ortinae
409 2656 508 2709 classes
521 2654 671 2725 populique
685 2651 784 2715 Latini,

122 2739 243 2812 Quosque
257 2759 354 2797 secans
366 2743 517 2797 infaustum
530 2741 657 2796 interluit
667 2739 742 2792 Allia
753 2753 871 2790 nomen:

122 2826 203 2892 Quam
216 2830 299 2884 multi
312 2830 415 2897 Libyco
427 2831 576 2885 volvuntur
589 2844 726 2882 marmore
739 2825 845 2893 fluctus,

121 2913 218 2970 Saevus
229 2918 277 2971 ubi
293 2918 380 2971 Orion
392 2918 516 2972 hibernis
529 2917 658 2972 conditur
670 2915 765 2982 undis;

122 2999 170 3056 Vel
182 3021 243 3058 curn
258 3006 316 3059 sole
328 3021 403 3059 novo
416 3005 516 3058 densae
529 3009 672 3058 torrentur
686 3002 793 3067 aristae,

121 3091 175 3143 Aut
187 3092 284 3146 Hermi
297 3109 403 3160 campo,
419 3097 466 3145 aut
478 3091 579 3158 Lyciae
593 3089 757 3145 flaventibus
770 3089 850 3142 arvis.

122 3175 199 3232 Scuta
210 3185 319 3248 sonant,
335 3180 470 3249 pulsuque
483 3179 585 3247 pedum
599 3177 750 3232 conterrita
763 3176 853 3230 tellus.

153 3266 223 3321 Hine
237 3267 483 3336 Agamemnonius,
498 3266 609 3320 Troiani
622 3265 743 3318 nominis
756 3263 852 3332 hostis,

123 3351 204 3406 Curru
216 3355 309 3422 iungit
322 3354 456 3408 Halaesus
466 3370 558 3424 equos,
573 3354 722 3420 Turnoque
735 3350 834 3404 ferocis

122 3437 190 3494 llille
203 3443 276 3509 rapit
289 3441 414 3510 populos,
429 3446 542 3495 vertunt
555 3440 646 3493 felicia
657 3438 767 3492 Baccho

122 3523 232 3582 Massica
245 3529 293 3597 qui
305 3528 408 3597 rastris,
423 3533 450 3582 et
464 3545 532 3596 quos
544 3527 579 3580 de
592 3525 707 3580 collibus
720 3525 782 3579 altis
