2706 3938
438 215 574 265 VERGlLl
598 216 762 266 annnlnos
784 216 828 268 IV.

120 378 271 433 Gaudentis
286 395 388 433 vaceae
401 379 493 432 media
504 379 578 432 inter
591 395 696 432 cornua
708 377 808 446 fundit,

119 466 176 519 Aut
189 471 254 519 ante
268 482 319 519 ora
331 465 413 520 deum
426 465 537 534 pinguis
549 466 686 534 spatiatur
699 465 734 518 ad
747 481 816 532 aras,

119 552 315 622 instauratque
327 552 399 606 diem
414 553 501 621 donis,
515 553 707 621 pecudumque
720 552 832 606 reclusis

119 640 283 694 Pectoribus
295 640 408 693 inhians
420 640 554 708 spirantia
566 639 686 694 consulit
698 644 771 693 exta

120 727 181 780 Heu
193 734 292 780 vatum
304 727 417 796 ignarae
429 729 550 781 mentes!
572 726 635 796 qnid
650 733 717 781 vota
729 727 876 790 furentem,

120 812 193 877 Quid
205 814 322 868 delubra
334 814 448 867 iuvantl
485 813 536 867 Est
549 814 640 867 mollis
653 813 764 867 flamma
777 812 911 867 medullas

120 899 240 969 Interea,
255 906 284 954 et
295 901 412 954 tacitum
426 901 494 954 vivit
506 900 557 953 sub
570 906 684 969 pectore
696 901 802 954 volnus.

120 987 218 1040 Uritur
231 987 331 1041 infelix
343 987 417 1042 Dido
430 993 544 1057 totaque
557 995 674 1056 vagatur

120 1075 196 1130 Urbe
208 1075 312 1144 furens,
327 1076 415 1145 qualis
428 1076 552 1129 coniecta
565 1092 646 1129 cerva
659 1076 768 1144 sagitta,

121 1163 212 1228 Quam
225 1164 322 1232 procul
333 1164 473 1218 incautam
487 1180 600 1218 nemora
612 1163 686 1216 inter·
700 1163 796 1217 Cresia
808 1153 870 1216 fixit

120 1251 221 1305 Pastor
234 1268 317 1320 agens
329 1251 399 1314 telis,
414 1252 547 1320 liquitque
561 1250 672 1306 volatile
686 1251 792 1303 ferrum

121 1338 256 1406 Nescius3
276 1339 323 1394 illa
335 1340 402 1408 iuga
415 1340 498 1393 silvas
510 1339 650 1408 saltusque
662 1343 791 1407 peragrat

121 1426 266 1492 Dietae0s3
287 1427 383 1480 haeret
395 1426 474 1481 lateri
487 1427 577 1480 letalis
590 1426 724 1480 harundo.

121 1513 204 1567 Nunc
216 1514 308 1568 media
321 1514 434 1568 Aenean
448 1531 539 1568 secum
552 1530 603 1582 per
614 1513 725 1567 moenia
738 1511 823 1580 ducit,

121 1599 303 1668 Sidoniasque
316 1605 437 1654 ostentat
450 1617 516 1668 opes
528 1601 680 1668 urbemque
693 1603 833 1668 paratam3

120 1686 224 1755 Incipit
236 1687 323 1752 effari,
337 1687 480 1756 mediaque
492 1689 522 1742 in
534 1703 603 1742 voce
615 1687 735 1753 resistit3

120 1773 203 1827 Nune
217 1773 311 1828 eadem
324 1774 434 1828 labente
447 1775 491 1830 die
504 1776 631 1829 convivia
643 1775 759 1843 quaerit,

119 1861 276 1928 Iliacosque
288 1862 386 1914 iterum
401 1861 514 1916 demens
527 1861 622 1916 audire
634 1861 742 1916 labores

119 1947 262 2016 Exposcit,
276 1948 432 2018 pendetque
445 1949 546 2002 iterum
558 1949 697 2003 narrantis
709 1949 744 2004 ab
757 1966 814 2004 ore.

120 2036 196 2102 Post,
209 2035 257 2088 ubi
270 2035 392 2104 digressi,
406 2035 554 2104 lumenque
567 2036 685 2092 obscura
696 2037 815 2090 vicissim

120 2123 201 2178 Luna
213 2124 313 2192 premit
326 2123 496 2193 suadentque
509 2123 635 2178 cadentia
648 2123 739 2178 sidera
751 2141 870 2190 somnos,

120 2211 186 2266 Sola
198 2212 284 2266 domo
298 2217 403 2266 maeret
416 2228 509 2280 vacua,
524 2211 672 2280 stratisque
686 2213 790 2266 relictis

120 2300 248 2356 Incubet.
286 2300 366 2353 lllum
379 2301 477 2354 absens
489 2300 632 2354 absentem
646 2301 776 2370 auditque
791 2300 929 2369 videtque,

120 2391 179 2441 Aut
192 2387 300 2456 gremio
315 2387 472 2455 Ascanium,
486 2389 619 2456 genitoris
631 2389 750 2457 imagine
764 2393 852 2456 capta,

120 2476 243 2543 Detinet,
258 2475 402 2529 infandum
416 2476 439 2528 si
451 2475 546 2530 fallere
558 2476 646 2544 possit
657 2492 788 2530 amorem.

120 2563 186 2617 Non
200 2567 316 2630 coeptae
328 2563 479 2631 adsurgunt
491 2570 589 2631 turres,
604 2580 661 2617 non
674 2579 753 2617 arma
765 2563 896 2615 iuventus

119 2651 249 2715 Exercet,
264 2656 394 2717 portusve
406 2655 454 2702 aut
465 2650 673 2719 propugnacula
686 2649 760 2704 bello

120 2739 192 2794 Tuta
204 2744 323 2806 parant,
343 2737 466 2804 pendent
478 2753 562 2805 opera
573 2738 731 2805 interrupta
742 2739 888 2804 minaeque

120 2824 265 2876 Mororum
279 2823 404 2890 ingentes
417 2828 586 2890 aequataque
599 2821 726 2875 machina
739 2821 823 2875 caele.

156 2910 247 2976 Quam
260 2909 382 2962 simulac
395 2908 445 2963 tali
458 2909 593 2978 persensit
605 2915 682 2977 peste
695 2909 785 2962 teneri

121 2997 191 3052 (lara
204 2996 280 3050 Iovis
292 2998 422 3062 coniunx,
437 3013 488 3050 nec
501 2996 601 3050 famam
616 2997 725 3049 obstare
738 2995 834 3062 furori,

121 3085 231 3140 Talibus
244 3085 405 3154 aggreditur
419 3083 557 3138 Venerem
572 3083 703 3137 Saturnia
715 3083 810 3137 dictis:

122 3174 138 3202 ‘⁴
147 3173 295 3242 Egregiam
309 3188 376 3225 vero
389 3170 499 3224 laudem
513 3176 541 3224 et
553 3171 640 3238 spolia
653 3170 743 3240 ampla
756 3170 866 3224 refertis

120 3258 213 3330 Tuque
225 3276 349 3330 puerque
356 3267 437 3324 tuus3
450 3274 580 3326 magnum
594 3263 622 3311 et
634 3258 815 3311 memorabile
828 3273 939 3326 numen,

124 3345 181 3402 Una
193 3348 258 3403 dolo
270 3349 367 3402 divom
381 3347 404 3398 si
417 3343 521 3398 femina
533 3345 608 3397 vieta
620 3344 738 3398 duorum
751 3349 802 3398 est.

121 3430 177 3490 Nee
188 3454 233 3491 me
246 3436 318 3491 adeo
330 3433 405 3488 fallit
417 3432 534 3486 veritam
546 3436 575 3484 te
587 3431 697 3485 moenia
709 3436 805 3484 nostra

118 3522 262 3594 Suspectas
276 3521 410 3577 habuisse
421 3519 518 3572 domos
532 3517 711 3586 Karthaginis
724 3517 804 3572 altae.
