2730 3936
443 198 580 247 VERGILI
603 197 791 248 GEORGIGON
815 198 860 248 IV.

135 357 249 412 Etcum
261 360 351 413 tristis
361 359 451 412 hiems
464 359 614 428 etiamnum
628 359 733 427 frigore
747 375 813 412 saxa

135 443 290 514 Rumperet
303 452 331 499 et
344 446 432 514 glacie
446 462 541 498 cursus
552 446 677 498 frenaret
690 461 833 514 aquarum,

135 531 184 584 1116
197 548 310 586 comam
321 532 414 585 mollis
426 533 481 584 iam
493 531 627 586 tondebat
640 532 792 599 hyacinthi,

135 617 282 674 Aestatem
294 619 465 687 increpitans
479 635 567 672 seram
581 619 773 689 zephyrosque
786 621 929 675 morantis.

135 703 209 773 Ergo
223 707 321 775 apibus
333 707 396 759 fetis
409 705 483 759 idem
496 713 579 776 atque
592 708 718 761 examine
730 707 819 760 multo

136 793 247 848 Primus
261 793 401 846 abundare
413 798 442 846 61
455 793 611 861 spumantia
623 810 722 862 cogere
734 795 835 862 pressis

136 877 219 934 Mella
231 881 318 948 fnvis余
338 880 380 933 illi
392 880 468 955 tiliae
480 884 563 950 atque
576 881 715 935 uberrima
729 881 825 949 pinus,

135 965 266 1036 Quotqne
279 967 310 1019 in
321 967 389 1021 flore
402 984 476 1021 novo
489 967 620 1035 potuisse
634 967 733 1022 fertilis
746 969 828 1022 arbos

137 1053 277 1124 Induerat,
292 1054 407 1107 totidem
423 1060 557 1108 autumno
569 1059 679 1108 matura
691 1055 813 1108 tenebat.

137 1138 188 1192 Ille
200 1140 285 1195 etiam
299 1158 373 1194 seras
385 1141 414 1194 in
426 1157 537 1194 versum
551 1141 658 1194 distulit
671 1141 761 1195 ulmos

137 1227 314 1296 Eduramque
327 1229 418 1296 pirum
431 1233 459 1281 et
471 1228 566 1296 spinos
577 1228 632 1281 iam
645 1245 735 1297 pruna
746 1229 870 1297 ferentis,

138 1313 252 1383 Jamque
264 1315 467 1368 ministrantem
479 1315 622 1384 platanum
635 1315 796 1384 potantibus
810 1316 927 1370 61611166

138 1400 244 1455 Verum
258 1403 327 1456 haec
339 1403 397 1471 ipse
409 1403 536 1470 equidem
548 1403 643 1472 spatiis
656 1403 783 1456 exclusus
795 1403 897 1471 iniquis

136 1487 288 1542 Praetereo
302 1496 383 1558 atque
396 1488 456 1543 aliis
468 1495 531 1558 post
544 1507 589 1544 me
601 1490 779 1544 memoranda
792 1490 927 1559 relinquo.

171 1575 254 1630 Nunc
267 1593 325 1645 age,
339 1582 452 1630 naturas
464 1578 561 1646 apibus
574 1594 641 1646 ques
653 1577 778 1646 luppiter
791 1577 849 1645 ipse

135 1662 263 1732 Addidit,
277 1664 430 1732 expediam,
444 1681 495 1732 pro
508 1681 561 1732 qua
574 1664 708 1730 mercede,
724 1680 840 1718 canoros

138 1748 269 1805 Curetum
284 1752 389 1804 sonitus
402 1751 622 1820 crepitantiaque
635 1767 699 1806 aera
711 1756 830 1826 6666166,

135 1836 253 1892 Dictaeo
267 1838 335 1890 caeli
349 1854 441 1906 regem
454 1855 554 1906 pavere
568 1839 618 1893 sub
631 1846 718 1893 66116.

137 1922 215 1979 Solae
229 1925 383 1978 communis
394 1929 483 1994 natos,
498 1926 639 1979 consortia
652 1930 727 1980 tecta

135 2010 220 2064 Urbis
233 2010 345 2080 habent,
359 2013 520 2082 magnisque
533 2013 641 2080 agitant
653 2013 704 2066 sub
716 2013 824 2082 legibus
837 2030 945 2080 aerum,

134 2100 172 2154 Et
182 2101 304 2170 patriam
318 2099 393 2152 solae
406 2104 435 2152 et
448 2105 539 2152 certos
551 2117 655 2153 novere
668 2101 793 2168 penatis:

136 2186 335 2254 Venturaeque
347 2185 447 2238 hiemis
459 2203 595 2240 memores
607 2193 710 2240 aestate
723 2187 847 2242 laborem

135 2273 325 2344 Experiuntur
337 2280 365 2328 et
377 2275 407 2328 in
420 2275 539 2328 medium
554 2277 677 2344 quaesita
689 2283 836 2346 reponunt.

134 2363 263 2433 Namque
276 2363 345 2416 aliae
357 2366 432 2416 victu
445 2363 590 2431 invigilant
603 2369 632 2416 et
645 2363 755 2418 foedere
767 2369 851 2433 pacto

135 2448 309 2504 Exercentur
323 2451 412 2518 agris余
433 2467 496 2518 pars
508 2450 582 2503 intra
594 2456 689 2519 666616
702 2450 845 2505 domorum

136 2535 258 2590 Narcissi
272 2537 413 2591 lacrimam
428 2543 456 2591 61
468 2537 572 2591 1661616
586 2537 621 2591 de
633 2538 736 2592 cortice
749 2539 844 2608 gluten

135 2622 230 2677 Prima
242 2623 316 2676 favis
328 2629 436 2692 ponunt
447 2623 618 2691 fundamina,
633 2625 732 2678 deinde
744 2625 850 2680 tenacis

136 2709 312 2780 suspendunt
326 2727 416 2774 66166余
438 2710 507 2765 61166
519 2701 596 2781 spem
608 2715 699 2780 gentis
711 2712 821 2766 adultos

135 2798 265 2852 Edncnnt
277 2799 366 2862 fetus3
387 2797 456 2851 aliae
468 2798 614 2866 purissima
626 2799 709 2852 mella

137 2883 246 2954 Stipant
259 2890 288 2938 61
300 2884 404 2954 liquido
418 2885 581 2939 distendunt
593 2891 705 2940 nectare
719 2887 809 2941 cellas.

138 2969 211 3026 Sunt.
228 2972 328 3041 quibus
340 2972 375 3025 ad
388 2978 484 3040 661166
496 2972 594 3026 cecidit
607 2973 731 3028 custodia
744 2975 819 3042 sorti,

135 3055 220 3128 Inque
233 3059 323 3113 vicem
336 3060 514 3128 speculantur
527 3077 610 3128 aquas
623 3066 651 3114 et
663 3062 757 3116 nubila
768 3062 852 3129 caeli,

136 3145 192 3200 Aut
204 3163 292 3201 onera
304 3147 445 3216 accipiunt
458 3147 627 3216 1661661616,
642 3153 690 3202 661
704 3150 811 3217 agmine
826 3150 901 3204 factu

135 3231 265 3302 Ignavum
280 3234 358 3288 fucos
370 3251 454 3302 pecus
467 3251 484 3288 a
497 3234 690 3302 praesaepibus
702 3241 804 3290 arcent.

135 3317 232 3375 Fervet
245 3337 322 3390 0an,
338 3321 520 3389 redolentque
532 3321 630 3388 thymo
641 3322 794 3390 fragrantia
805 3323 905 3392 mella余

135 3405 176 3459 Ac
189 3406 276 3459 veluti
289 3407 371 3461 lentis
385 3407 522 3475 Cyclopes
535 3408 649 3462 fulmina
662 3411 757 3464 massis

137 3489 201 3546 (1616
213 3501 375 3566 6166616111,
391 3495 438 3548 6111
452 3495 567 3548 16611616
580 3496 691 3550 follibus
704 3515 785 3552 66166
