2668 3942
415 227 553 277 VERGILI
576 229 740 278 susumus
763 231 820 278 XII.

100 387 184 441 Velle
199 387 332 454 videmur,
348 386 415 440 etin
429 387 527 442 mediis
540 388 685 444 conatibus
698 390 774 458 aegri

100 473 290 540 Succidimus3
311 490 369 526 non
380 472 475 542 lingua
486 474 567 541 valet,
582 491 640 528 non
654 492 770 544 corpore
783 483 866 530 notae

101 560 250 615 Sufficiunt
263 560 344 628 vires,
359 576 409 613 nec
424 577 476 614 vox
490 565 537 614 aut
552 562 635 615 verba
647 569 815 631 sequuntur:

100 650 148 702 Sic
161 649 264 714 Turne,
279 663 449 716 quacumque
462 646 535 702 viem
548 648 652 701 virtute
666 650 772 716 petivit,

100 736 266 788 Successum
279 733 330 787 dea
342 733 403 786 dira
416 744 506 801 negat.
546 735 614 788 Tum
627 740 739 804 pectore
752 752 848 790 sensus

101 823 262 876 Vertuutur
274 822 359 875 varii:
380 820 500 876 Rutulos
515 826 637 892 aspectat
651 829 679 876 et
693 824 796 892 urbem,

100 909 311 978 Cunctaturque
323 914 406 977 metu,
421 908 561 977 telumque
576 909 678 963 instare
691 911 847 972 tremescit:

100 996 129 1048 N
130 1014 170 1062 ec,
186 1013 242 1065 quo
256 1012 286 1049 se
298 995 404 1064 eripiat,
420 1011 478 1063 nec,
494 996 588 1065 quavi
601 996 698 1050 tendat
710 997 738 1050 in
750 997 867 1066 hostem,

101 1082 162 1136 Neo
176 1097 274 1134 currus
285 1097 400 1149 usquam
413 1080 489 1134 videt
502 1081 678 1150 aurigamque
691 1099 823 1137 sororem.

101 1167 253 1222 Cunctanti
265 1167 351 1221 telum
364 1168 474 1222 Aeneas
487 1168 570 1222 fatale
583 1175 716 1236 coruscat,

100 1257 225 1310 Sortitus
237 1255 377 1309 fortunam
391 1255 484 1324 oeulis,
501 1261 529 1310 et
542 1273 658 1326 corpore
670 1263 731 1312 toto

99 1344 219 1396 Eminus
231 1343 380 1411 intorquet.
418 1342 517 1397 Murali
531 1345 641 1399 concita
653 1363 801 1415 numquam

100 1432 255 1484 Tor-mento
267 1430 307 1483 sic
320 1447 385 1484 saxa
396 1431 528 1500 fremunt,
544 1449 595 1486 nec
607 1434 722 1488 fulmine
734 1436 806 1490 tanti

100 1517 258 1572 Dissultant
271 1518 399 1586 crepitus,
438 1518 524 1572 Volat
539 1520 593 1573 atri
607 1522 725 1575 turbinis
736 1523 824 1577 instar

99 1606 227 1660 Exitium
241 1604 332 1658 dirum
344 1606 424 1659 hasta
436 1607 536 1674 terens,
555 1624 671 1676 orasque
684 1610 802 1665 recludit

99 1693 216 1747 Loricae
229 1699 257 1746 et
270 1693 349 1762 clipei
363 1701 501 1748 extremos
517 1696 705 1766 septemplicis
718 1699 801 1753 orbis.

98 1781 154 1835 Per
168 1780 291 1834 medium
305 1781 424 1834 stridens
436 1783 535 1836 transit
550 1785 650 1839 femur.
688 1786 789 1840 Incidit
801 1787 872 1841 ictus

98 1869 204 1936 Ingens
216 1867 252 1922 ad
264 1875 367 1921 terram
380 1860 521 1936 duplicato
538 1871 640 1939 poplite
653 1871 769 1928 Turnus.

99 1956 282 2024 Consurgunt
294 1956 400 2024 gemitu
414 1955 518 2025 Rutuli,
536 1963 665 2028 totusque
678 1963 797 2030 remugit

98 2043 183 2096 Mons
195 2043 308 2109 circum,
323 2049 351 2096 et
363 2059 459 2096 vocem
471 2043 527 2097 lete
540 2061 656 2101 nemora
668 2048 724 2102 elta
736 2051 890 2104 remittunt.

97 2130 150 2184 Ille
162 2129 276 2182 humilis
288 2129 457 2198 supplexque
471 2131 564 2185 oculos
577 2133 757 2204 dextramque
770 2143 928 2204 precantem

98 2217 276 2271 Protendens
290 2216 448 2285 “Equidem
462 2219 559 2287 merui,
575 2237 627 2274 nec
639 2221 772 2290 deprecor
781 2223 797 2250 ”
811 2225 918 2293 iuquit:

99 2306 118 2332 “
128 2303 216 2357 Utere
228 2308 304 2357 sorte
316 2308 372 2358 tua.
410 2304 504 2358 Miseri
517 2309 545 2358 te
558 2307 581 2358 si
594 2323 648 2375 qua
659 2311 781 2377 parentis

98 2391 226 2458 Tangere
239 2406 305 2444 curs
316 2395 416 2460 potest,
431 2392 581 2459 orm-fuit
595 2399 623 2447 et
636 2395 687 2450 tibi
699 2397 762 2452 talis

98 2477 239 2530 Anchises
251 2478 486 2545 genitor-Dauni
500 2480 630 2534 miserere
643 2490 776 2555 senectae,

97 2565 135 2618 Et
147 2581 203 2632 me,
217 2581 265 2618 seu
278 2581 377 2633 corpus
390 2565 538 2633 spoliatum
554 2567 658 2622 lumine
672 2573 767 2641 mavis,

96 2652 197 2705 Redde
210 2652 286 2705 meis,
323 2651 431 2721 Vicisti,
446 2658 475 2706 et
489 2654 592 2708 victum
607 2657 719 2712 tendere
732 2660 837 2728 palmas

96 2739 218 2793 Ausonii
231 2740 341 2805 videre;
361 2745 465 2794 tuaest
479 2741 594 2796 Lavinia
608 2746 742 2801 coniunx:

97 2827 223 2881 Ulterius
236 2843 271 2880 ne
283 2827 365 2880 tende
378 2827 478 2881 odiisst‘
518 2829 601 2884 Stetit
616 2849 679 2886 acer
690 2833 717 2886 in
731 2837 814 2889 annis

98 2917 216 2982 Aeneas,
233 2913 346 2967 volvens
358 2914 461 2977 oculos,
478 2916 659 2987 dextramque
672 2924 817 2989 repressit:

96 3002 201 3055 Etiam
214 3002 323 3070 iamque
335 3003 424 3071 magis
437 3009 614 3058 cunctantem
631 3007 740 3062 flectere
753 3027 843 3064 sermo

97 3088 243 3156 Coeperat,
257 3088 354 3141 infelix
369 3105 464 3143 umero
478 3107 538 3144 cum
554 3094 681 3160 apparuit
694 3094 749 3150 alto

96 3173 209 3228 Balteus
223 3180 252 3228 et
266 3175 337 3228 notis
349 3176 487 3230 fulserunt
500 3177 609 3245 cingula
622 3179 704 3234 bullis

95 3262 231 3317 Pallantis
244 3263 330 3330 pueri,
344 3263 448 3318 vietum
463 3280 545 3331 quem
559 3265 671 3320 volnere
685 3267 792 3322 Turnus

96 3351 239 3404 straverat
252 3355 336 3419 atque
347 3349 449 3404 umeris
462 3350 602 3405 inimicum
615 3353 722 3422 insigne
734 3357 856 3423 gerebat.

95 3436 154 3496 Ille.
170 3436 258 3490 oculis
270 3441 415 3506 postquem
430 3438 504 3491 saevi
517 3447 700 3495 monumenta
713 3442 816 3497 doloris

94 3523 272 3592 Exuviasque
285 3523 385 3589 hausit,
400 3523 480 3576 furiis
492 3541 629 3595 accensus,
645 3534 673 3581 et
685 3528 727 3582 ira

240 3625 257 3660 Τ
375 3623 408 3674 25
