2730 3936
536 237 675 289 vasella
697 237 861 288 snsslnos
884 239 903 289 1.

208 400 268 454 Hae
280 400 412 469 Phryges,
426 403 543 455 instaret
556 417 638 454 curru
651 400 779 454 cristatus
794 399 925 454 Achilles.

208 486 267 541 Nec
278 487 374 557 procul
386 487 452 541 hinc
465 488 550 542 Rhesi
562 487 651 541 niveis
663 487 785 541 tentoria
796 486 865 540 velis

208 575 345 642 Agnoscit
357 575 511 642 lacrimans,
523 575 614 644 primo
627 591 696 642 qnae
708 573 818 642 prodita
830 590 928 628 somno

208 661 327 729 Tydides
341 662 427 715 multa
440 662 565 716 vastabat
578 661 662 716 caede
675 667 811 728 cruentus,

207 748 394 817 Ardentisque
407 750 508 802 avertit
520 764 605 816 equos
616 748 646 800 in
659 753 755 816 castra,
770 748 847 816 prins
860 765 941 816 quam

207 835 313 889 Pabula
324 841 479 904 gustassent
491 836 589 889 Troiae
601 835 799 903 Xanthumque
810 835 952 889 bibissent.

208 923 290 977 Parte
303 924 357 979 alia
367 924 478 993 fugiens
490 924 595 977 amissis
607 922 714 977 Troilus
727 923 818 989 armis,

207 1009 309 1064 Infelix
322 1028 391 1081 puer
403 1017 485 1080 atque
497 1012 587 1080 impar
601 1026 763 1079 congressus
776 1009 886 1078 Achilli,

206 1097 306 1152 Fertur
318 1099 403 1168 equis,
418 1116 553 1167 curruque
567 1099 662 1152 haeret
674 1098 817 1166 resupinus
829 1097 912 1166 inani,

207 1185 279 1239 Lora
290 1191 388 1240 tenens
401 1193 510 1253 tamen;
530 1187 594 1240 hnic
607 1187 754 1254 cervixque
767 1203 915 1255 comaeque
928 1187 1076 1240 trahuntur

207 1272 261 1327 Per
273 1277 384 1342 terram,
400 1284 428 1327 et
441 1290 520 1328 versa
532 1274 622 1342 pulvis
634 1274 794 1327 inscribitur·
807 1273 894 1328 hasta

207 1359 317 1414 Interea
329 1360 365 1414 ad
377 1360 507 1429 templum
522 1377 579 1414 non
592 1373 694 1429 aequae
707 1360 827 1414 Palladis
838 1361 917 1415 ibant

208 1447 337 1502 Crinibus
349 1448 449 1502 Iliades
462 1449 548 1517 passis
560 1447 727 1516 peplumque
739 1448 872 1522 ferebant,

208 1533 373 1604 Suppliciter
385 1535 479 1588 tristes
492 1541 520 1588 et
532 1541 630 1588 tunsae
644 1540 756 1607 pectora
769 1535 884 1604 palmis3

207 1621 280 1675 Diva
292 1622 350 1675 solo
362 1621 433 1676 fixos
446 1622 540 1676 oculos
552 1639 648 1677 aversa
661 1623 781 1676 tenebat.

208 1709 261 1762 Ter
274 1710 377 1763 circum
390 1709 490 1764 iliacos
503 1717 662 1779 raptaverat
675 1709 798 1764 Hectora
809 1727 911 1780 muros,

207 1796 425 1867 Exanimumque
439 1815 506 1852 auro
519 1815 618 1867 corpus
630 1797 770 1851 vendebat
782 1797 914 1852 Achilles.

208 1883 277 1937 Tum
289 1901 356 1938 vero
369 1885 509 1954 ingentem
522 1885 654 1954 gemitum
668 1885 716 1938 dat
728 1891 840 1954 pectore
853 1885 887 1939 ab
899 1887 963 1952 imo,

208 1971 245 2024 Ut
259 1972 353 2040 spolia,
366 1979 397 2028 ut
409 1991 513 2042 currus,
528 1981 612 2044 utque
624 1975 714 2043 ipsum
728 1991 828 2044 corpus
840 1975 928 2041 amici,

207 2057 432 2130 Tendentemque
445 2077 542 2115 manus
553 2061 694 2115 Priamum
707 2062 851 2131 conspexit
862 2062 984 2116 inermis.

208 2147 243 2200 Sa
257 2165 364 2218 quoque
376 2149 547 2219 principibus
559 2151 728 2218 permixtum
742 2150 853 2218 agnovit
865 2149 989 2217 Achivis,

207 2235 333 2304 ansque
346 2236 418 2290 acies
431 2242 460 2290 et
471 2236 544 2306 nigri
557 2236 712 2290 Memnonis
724 2253 807 2290 arma.

100 2315 106 2325 “
207 2321 291 2377 Ducit
304 2323 507 2377 Amazonidum
519 2324 620 2378 lunatis
633 2323 741 2393 agmina
753 2323 835 2392 peltis

207 2408 382 2464 Penthesilea
394 2411 494 2478 furens,
509 2411 660 2480 mediisque
673 2411 700 2463 iu
715 2411 824 2464 milibus
837 2410 923 2477 ardet,

208 2495 303 2550 Aurea
315 2498 479 2552 subnectens
492 2504 616 2552 exsertae
630 2497 739 2566 cingula
751 2514 893 2560 mammae,

207 2582 349 2650 Bellatrix‚
364 2585 499 2653 audetque
513 2585 580 2638 viris
592 2601 755 2639 concurrere
769 2585 853 2653 virgo.

243 2670 318 2724 Haeo
331 2671 397 2725 dum
412 2671 551 2726 Dardanio
563 2671 677 2725 Aeneae
689 2672 816 2726 miranda
828 2671 965 2738 videntur,

207 2757 281 2810 Dum
295 2764 394 2828 stupet,
409 2759 562 2826 obtutuque
575 2757 671 2813 haeret
683 2758 790 2812 defixus
801 2759 830 2811 in
844 2775 907 2823 uno,

208 2845 316 2914 Regina
328 2846 362 2900 ad
375 2845 515 2914 tempium,
530 2846 622 2899 forma
635 2846 817 2915 pulcherrima
832 2845 914 2912 Dido,

208 2932 331 3000 Incessit,
346 2949 445 3001 magna
457 2933 588 2986 iuvenum
603 2935 723 3002 stipante
735 2939 853 2987 caterva.

208 3019 303 3084 Qualis
313 3021 342 3073 in
354 3020 475 3074 Eurotae
488 3021 556 3088 ripis
568 3026 616 3074 aut
629 3038 678 3089 per
691 3023 754 3089 iuga
769 3020 874 3087 Cynthi

207 3106 325 3160 Exercet
337 3106 427 3161 Diana
439 3108 546 3174 choros,
562 3125 643 3176 quam
657 3108 731 3161 mille
745 3113 854 3162 secutae

208 3193 280 3248 Hine
293 3203 373 3263 atque
386 3195 451 3249 hinc
463 3195 651 3262 glomerantur
663 3195 799 3261 Oreades3
820 3195 867 3248 illa
879 3194 1036 3263 pharetram

208 3281 274 3334 Fert
286 3298 388 3348 umero,
403 3281 584 3350 gradiensque
596 3282 661 3335 deas
672 3282 860 3350 supereminet
873 3281 998 3335 omnis-

208 3367 328 3420 Lutonae
342 3369 455 3421 tacitum
468 3374 656 3437 pertemptant
669 3369 767 3436 gaudia
778 3374 912 3437 pectus-

209 3453 280 3506 Talis
293 3461 353 3506 erat
365 3454 445 3520 Dido,
457 3454 540 3508 telem
554 3472 583 3509 se
596 3455 667 3509 laeta
680 3457 785 3509 ferebat

209 3540 261 3592 Per
274 3539 385 3608 medios,
400 3542 507 3595 instans
520 3544 595 3610 operi
608 3543 753 3610 regnisque
765 3542 876 3595 futuris.
