2734 3936
454 227 591 277 vassultl
615 226 802 276 anoualdus
826 226 859 276 11.

143 407 181 461 Et
194 407 295 478 ductus
308 423 396 461 cornu
410 407 495 460 stabit
507 423 585 460 sacer
597 406 691 460 hircus
704 407 736 459 ad
752 421 835 470 aram,

144 494 318 562 Pinguiaque
329 495 358 546 iu
373 494 486 547 veribus
498 493 666 546 torrebimus
679 497 744 545 exta
756 491 884 544 colurnis.

179 581 232 634 Est
245 581 329 634 etiam
341 579 389 634 iile
401 579 481 633 labor
494 578 621 633 curandis
633 579 737 632 vitibus
750 578 827 644 aiter,

145 667 199 722 Oui
210 684 362 736 numquam
375 667 500 720 exhausti
514 667 580 720 satis
593 673 650 719 est:
671 681 790 734 namque
804 681 885 719 omne
899 669 1048 734 quotannis

144 755 253 823 Terque
267 759 419 823 quaterque
432 753 519 806 solum
536 752 725 820 scindendum,
740 753 891 821 glaebaque
903 754 991 806 versis

145 842 301 894 Aeternum
315 841 470 910 frangenda
483 840 657 907 bidentibus3
679 855 761 892 omne
773 839 919 893 levandum

143 928 257 982 Fronde
270 919 373 982 nemus.
413 927 498 981 Redit
511 925 639 994 agricolis
651 926 729 980 labor
742 930 819 980 actus
831 927 860 978 in
873 926 978 994 orbem,

145 1017 241 1084 Atque
254 1016 283 1068 in
296 1033 386 1070 sesua
398 1031 448 1084 per
460 1015 576 1082 vestigia
589 1013 712 1067 volvitur
724 1029 819 1068 annus.

145 1103 189 1157 Ac
202 1104 257 1156 iam
270 1103 345 1171 clim,
359 1119 433 1156 serus
446 1103 538 1171 posuit
551 1118 613 1155 cum
627 1101 707 1155 vinea
721 1101 833 1154 frondes

144 1189 275 1258 Frigidus
287 1196 314 1243 et
327 1190 403 1242 silvis
416 1189 507 1258 aquilo
519 1187 640 1242 decussit
652 1188 797 1255 honorem,

145 1275 205 1329 Iam
218 1283 279 1328 tum
292 1293 355 1330 acer
368 1293 448 1329 curas
461 1277 616 1329 venientem
630 1274 755 1328 extendit
768 1275 795 1327 in
811 1290 913 1327 anuum

145 1361 285 1431 Rusticus,
300 1369 329 1416 et
342 1380 428 1416 curvo
441 1361 553 1416 Saturni
565 1363 648 1416 dente
662 1360 784 1414 relictam

144 1448 325 1518 Persequitur
337 1451 421 1504 vitem
436 1450 585 1504 attondens
597 1449 731 1518 tingitque
744 1449 875 1517 putando.

144 1535 257 1590 Primus
269 1538 383 1590 humum
396 1535 493 1604 fodite,
508 1537 613 1606 primus
625 1537 740 1590 devecta
753 1541 877 1590 cremato

144 1624 300 1687 Sarmenta,
314 1631 343 1678 et
355 1624 442 1678 vallos
453 1624 559 1691 primus
572 1625 623 1677 sub
636 1629 711 1677 tecta
725 1623 847 1690 refert03

143 1711 308 1764 Postremus
319 1712 426 1765 metito.
465 1710 513 1764 Bis
527 1711 629 1764 vitibus
640 1711 746 1778 ingruit
758 1710 863 1778 umbra

143 1797 195 1850 Bis
207 1804 326 1866 segetem
340 1799 432 1851 densis
445 1798 586 1851 obducunt
598 1798 722 1851 sentibus
734 1797 854 1865 herbae;

143 1885 238 1938 Durus
251 1893 366 1953 uterque
378 1884 475 1939 labor:
495 1885 608 1938 laudato
622 1885 746 1951 iugentia
760 1899 830 1949 rura,

142 1972 284 2040 Exiguum
299 1973 391 2026 colito.
430 1971 558 2026 Necnon
572 1972 652 2026 etium
667 1986 763 2040 aspera
775 1971 848 2024 rusci

143 2061 261 2114 Vimine
273 2078 322 2129 per
335 2060 440 2128 silvam,
455 2066 484 2114 et
497 2061 565 2129 ripis
576 2059 695 2113 fluvialis
709 2059 835 2112 harundo
939 2090 941 2100 ι

143 2147 285 2216 Caeditur,
298 2148 450 2216 incultique
463 2152 573 2200 exercet
586 2164 652 2200 cura
664 2147 759 2200 salicti.

143 2236 202 2288 Iam
216 2235 328 2288 vinctae
340 2235 420 2302 vites,
435 2236 488 2287 iam
502 2233 601 2288 falcem
616 2234 728 2287 arbusta
740 2238 886 2302 reponunt,

143 2322 201 2376 Iam
215 2323 291 2376 canit
304 2322 420 2374 effectos
432 2326 572 2374 extremus
584 2321 690 2374 vinitor
703 2326 798 2374 antes:

143 2409 325 2463 sollicitanda
337 2415 432 2462 tamen·
443 2409 533 2473 tellus,
548 2408 691 2477 pulvisque
705 2408 864 2474 movendus,

142 2496 249 2550 Etiam
261 2496 377 2549 maturis
390 2495 555 2548 metuendus
568 2495 693 2564 Iuppiter
706 2495 775 2548 uvis.

180 2583 286 2638 Contra
298 2601 353 2637 non
368 2583 424 2637 ulia
436 2595 478 2636 esa
491 2583 558 2636 oleis
571 2583 685 2651 cultura,
700 2599 788 2652 neque
801 2583 865 2636 illae

142 2672 312 2724 Procurvam
327 2677 489 2740 exspectant
502 2670 603 2724 falcem
615 2677 774 2738 rastrosque
786 2670 899 2737 tenacis,

143 2758 215 2811 (ium
229 2758 310 2811 semel
324 2758 473 2811 haeserunt
488 2758 561 2810 arvis
574 2773 708 2826 aurasque
720 2757 860 2810 tulerunt:

142 2845 207 2913 Ipsa
219 2846 286 2898 satis
299 2845 388 2913 telius,
404 2861 466 2897 cum
479 2844 564 2898 dente
577 2844 728 2898 recluditur
740 2861 821 2910 unco,

144 2932 249 2985 Sufficit
262 2948 386 2986 umorem
400 2937 427 2984 et
440 2931 574 2998 gravidas,
589 2949 651 2985 curn
666 2948 784 2998 vomere,
799 2931 900 2999 fruges.

142 3019 204 3073 Hoc
217 3020 347 3088 pinguem
361 3025 389 3072 et
401 3019 530 3086 placitam
544 3018 609 3073 Paci
624 3019 744 3071 nutritor
757 3018 866 3072 olivam.

177 3107 265 3160 Poma
277 3123 394 3174 quoque,
409 3114 441 3158 ut
453 3107 572 3174 primum
585 3114 697 3158 truncos
710 3121 817 3158 sensere
831 3104 949 3158 valentis

142 3193 179 3247 Et
191 3195 256 3246 viris
269 3193 390 3247 habuere
403 3209 472 3260 suas,
488 3192 522 3245 ad
536 3192 625 3245 sidera
638 3193 740 3260 raptim

143 3280 180 3334 Vi
191 3282 306 3350 propria
318 3281 446 3333 nituntur
459 3279 571 3348 opisque
584 3278 658 3332 haud
670 3279 763 3346 indiga
775 3283 897 3332 nostrae.

143 3367 202 3422 Nec
214 3370 306 3422 minus
318 3369 425 3421 interea
437 3368 497 3420 fetu
510 3383 607 3420 nemus
620 3384 701 3420 omne
714 3366 859 3435 gravescit,

145 3454 358 3524 sanguineisque
371 3454 477 3507 inculta
490 3455 590 3507 rubent
603 3455 705 3507 aviaria
717 3455 800 3507 bacis.

145 3541 303 3598 Tondentur
315 3542 405 3607 cytisi,
419 3541 513 3595 taedas
526 3541 595 3594 silva
607 3542 662 3594 aita
675 3541 820 3600 ministrat,
