2730 3936
494 215 631 265 varrum
655 213 842 263 Gaoneloou
866 212 910 262 lv.

192 380 301 449 Quippe
311 379 352 434 ita
363 378 496 448 Neptuno
508 378 597 431 visum
608 381 657 443 est,
672 375 803 428 immania
815 374 893 428 cuius

191 467 329 521 Armenta
341 471 368 520 et
381 467 470 535 turpis
482 464 572 535 pascit
584 464 634 517 sub
647 463 755 530 gurgite
768 462 878 531 phocas.

191 555 245 608 Hic
258 555 316 619 tibi,
331 562 403 621 nate,
418 553 494 622 prius
507 551 605 605 vinclis
618 549 773 619 capiendus,
788 555 820 601 ut
832 565 942 602 omnem

191 641 328 710 Expediet
340 641 429 694 morbi
443 656 561 706 causam,
576 643 747 705 eventusque
759 635 899 690 secundet.

192 729 217 782 N
221 746 265 782 am
278 729 337 782 siue
350 727 376 781 vi
390 743 446 780 non
459 726 515 780 ulla
527 725 604 780 dabit
616 729 770 794 praecepta,
786 739 873 791 neque
885 723 962 776 illurn

192 816 306 871 Orando
318 815 428 882 flectes;
448 815 506 867 vim
519 813 616 868 duram
630 817 658 866 et
670 811 781 866 vincula
793 817 874 880 captu

192 904 300 970 Tende3
321 903 378 956 doli
391 903 493 956 circum
507 901 577 955 haec
591 901 702 954 demum
715 899 880 967 frangentur
892 899 995 952 inanes.

192 991 257 1061 Ipsa
269 1007 320 1060 ego
333 995 369 1057 te,
385 989 490 1042 medios
503 1005 565 1042 cum
577 987 618 1041 sol
631 985 787 1041 accenderit
799 991 898 1055 aestua,

194 1078 262 1133 Cum
277 1078 375 1132 sitiunt
386 1077 498 1145 herbae,
512 1081 539 1129 et
551 1075 645 1146 pecori
657 1075 712 1128 iam
725 1073 829 1142 gratior
842 1073 941 1127 umbra
953 1078 1002 1140 est,

193 1166 227 1220 Iu
240 1171 345 1221 secret-a
358 1166 430 1219 senis
444 1165 550 1232 ducam,
565 1179 619 1232 quo
632 1163 719 1216 fessus
731 1162 766 1216 ab
778 1160 858 1214 undis

194 1254 229 1309 Se
241 1253 347 1323 recipit,
361 1253 444 1307 facile
456 1258 488 1306 ut
500 1267 597 1306 somno
610 1249 771 1318 aggrediare
783 1249 926 1303 iacentem.

194 1341 301 1394 Verum
314 1340 361 1393 ubi
375 1343 531 1408 correptum
544 1337 671 1391 manibus
683 1336 835 1404 vinclisque
847 1337 962 1406 tenebis,

194 1426 264 1482 Tum
278 1427 370 1480 variae
384 1426 496 1480 eludent
508 1425 613 1494 species
626 1430 708 1494 atque
721 1424 921 1478 craterarum:

194 1515 256 1568 Fiet
269 1515 343 1568 enim
355 1513 448 1568 subito
461 1530 507 1567 sus
519 1511 654 1579 horridus,
669 1516 782 1580 atraque
795 1511 881 1580 tigris,

194 1601 417 1672 Squamosusque
428 1602 520 1668 draco,
535 1607 564 1655 et
575 1600 651 1654 fulva
663 1600 770 1654 cervice
782 1599 892 1668 leaena;

195 1690 255 1743 Aut
267 1705 357 1744 aerem
370 1687 497 1742 flammae
510 1688 631 1742 sonitum
644 1687 730 1756 dabit,
745 1692 827 1754 atque
838 1687 879 1741 ita
892 1686 989 1741 vinclis

195 1776 319 1844 Excidet,
335 1776 422 1830 autin
436 1791 521 1845 aquas
532 1775 623 1829 tenuis
635 1774 758 1843 dilapsus
770 1774 864 1828 abibit.

195 1863 250 1918 Sed
264 1870 367 1933 quanto
378 1864 424 1918 ille
436 1865 523 1934 magis
534 1865 638 1919 formes
651 1882 680 1920 se
692 1870 784 1920 vertet
796 1866 825 1918 iu
838 1865 935 1933 omnis,

195 1952 291 2024 Tanto,
306 1961 379 2022 nate,
392 1956 479 2026 magis
491 1955 628 2010 contende
639 1957 748 2010 tenacia
760 1954 858 2022 vincla,

195 2040 291 2098 Donec
303 2044 367 2098 talis
378 2045 432 2099 erit
444 2049 550 2098 mutato
563 2060 687 2112 corpore,
702 2043 810 2112 qualem

197 2127 315 2199 Videris,
329 2131 441 2200 incepto
453 2135 561 2199 tegeret
573 2147 633 2185 cum
647 2130 753 2184 lumina
765 2128 888 2184 somno.”

232 2217 308 2272 Haec
321 2219 367 2286 ait,
382 2223 410 2272 et
422 2217 558 2288 liquidum
571 2218 724 2272 ambrosiae
737 2217 868 2270 diffundit
880 2216 1000 2282 odorem,

197 2305 259 2376 Quo
271 2312 359 2361 totum
373 2307 432 2362 uati
445 2324 544 2376 corpus
556 2306 700 2376 perduxit3
720 2305 802 2361 atilli

196 2393 293 2448 Dulcis
305 2394 464 2463 compositis
476 2395 591 2463 spiravit
605 2395 726 2448 crinibus
738 2410 812 2462 aura,

198 2479 290 2550 Atque
302 2479 402 2535 habilis
413 2481 543 2534 membris
555 2481 632 2534 venit
643 2481 730 2550 vigor.
769 2481 820 2533 Est
832 2495 929 2548 specus
939 2479 1038 2546 ingens

162 2591 164 2594 ·
196 2566 278 2621 Exesi
291 2567 377 2621 latere
390 2567 419 2620 in
432 2568 540 2635 montis,
556 2585 610 2636 quo
622 2568 741 2638 plurima
753 2573 839 2626 vento

198 2654 312 2723 Cogitur
324 2656 408 2724 inque
420 2655 496 2708 sinus
509 2655 682 2708 scindit‘sese
694 2654 770 2709 unda
781 2654 918 2723 reductos,

162 2773 167 2780 ·
197 2742 346 2811 Deprensis
360 2741 425 2796 olim
438 2743 520 2796 statio
532 2742 671 2797 tutissima
683 2743 788 2810 nautis;

197 2827 276 2883 Intus
289 2846 318 2882 se
332 2829 401 2884 vasti
414 2827 533 2882 Proteus
546 2831 615 2899 tegit
628 2830 704 2884 obice
717 2830 783 2884 saxi.

196 2915 250 2970 Hic
261 2917 389 2970 iuvenem
402 2917 430 2969 in
443 2917 556 2970 latebris
569 2933 695 2971 aversum
709 2918 840 2971 alumine
854 2915 986 2986 Nympha

197 3003 337 3073 Gollocat3
357 3005 417 3073 ipsu
429 3003 524 3072 procul
539 3003 646 3057 nebulis
659 3005 777 3058 obscura
788 3003 898 3058 resistit.

197 3089 255 3146 Iam
268 3091 380 3159 rapidus
392 3095 501 3145 torrens
513 3091 631 3144 sitientis
644 3091 731 3145 Sirius
744 3092 828 3145 Indos

197 3179 323 3234 Ardebat
335 3179 418 3247 caelo,
434 3182 461 3231 et
474 3179 593 3232 medium
606 3179 647 3232 sol
659 3180 754 3247 igneus
767 3180 861 3233 orbern

197 3266 348 3334 Hauserat3
369 3266 483 3319 arebant
495 3267 605 3333 herbae,
620 3273 648 3318 et
661 3282 729 3320 cava
740 3264 854 3319 flumina
866 3264 945 3318 siccis

197 3352 333 3406 Faucibus
345 3352 380 3406 ad
392 3351 488 3405 limum
501 3353 569 3406 radii
584 3353 723 3420 tepefacta
736 3353 901 3420 coquebant:

178 3437 182 3444 “
199 3439 267 3492 Ourn
281 3438 399 3492 Proteus
411 3446 543 3492 consueta
554 3446 652 3506 petens
665 3456 680 3492 e
692 3438 820 3491 fluctibus
834 3443 915 3491 antra

198 3525 275 3592 Ibat;
296 3541 360 3578 eum
373 3525 443 3578 vasti
456 3525 558 3578 circum
571 3541 638 3592 gens
650 3524 745 3577 umida
755 3524 836 3592 ponti
