2656 3940
543 211 681 261 vnuotnl
703 211 868 260 acanthos
889 210 921 260 X.

229 373 339 428 Alcidae
351 390 445 427 comes
457 389 543 442 usque
555 372 645 440 gravis
658 373 723 425 dum
736 380 812 427 terra
823 372 932 426 labores

224 461 363 514 Praebuit.
401 461 474 514 Ecce
487 460 587 528 Pharo,
603 476 684 513 voces
696 459 762 512 dum
774 459 861 513 iactat
871 460 977 528 inertis,

223 549 389 617 latorquens
403 547 521 602 iaculum
535 547 663 600 clamanti
678 547 751 600 sistit
763 547 861 601 inore.

224 636 264 690 Tu
277 652 393 705 quoque,
408 635 555 689 flaventem
568 635 659 703 prima
669 633 798 702 lanugine
811 633 896 688 malas

223 724 295 777 Dum
311 723 431 792 sequeris
445 722 567 790 Clytium
579 722 687 791 infelix,
701 738 775 775 nova
787 721 894 790 gaudia,
909 720 1015 790 Oydon,

223 809 363 864 Dardania
374 815 477 864 stratus
489 809 594 876 dextra,
610 813 722 863 securus
734 825 867 876 amorum,

224 897 278 962 Qui
290 897 419 950 iuvenum
432 897 481 951 tibi
495 914 602 965 semper
615 908 701 965 erant,
716 898 870 952 miserande
881 899 993 965 iaceres,

223 984 261 1038 Ni
273 985 390 1038 fratrum
403 985 506 1052 stipata
518 985 617 1038 cohors
630 987 704 1038 foret
717 985 807 1053 obvia,
822 985 924 1040 Phorci

223 1072 386 1140 Progenies:
408 1078 513 1141 septem
526 1088 649 1141 numero,
666 1081 834 1143 septenaque
846 1075 902 1128 tela

224 1158 372 1214 Ooniciunt
379 1178 386 1226 ς
406 1160 508 1228 partim
521 1160 600 1227 galea
614 1160 757 1230 clipeoque
771 1162 905 1216 resultant

222 1247 319 1316 inrita,
332 1246 445 1300 deflexit
456 1249 558 1315 partim
572 1249 737 1316 stringentia
749 1267 850 1318 corpus

225 1335 307 1388 Alma
320 1333 423 1387 Venus.
460 1334 559 1388 Fidum
572 1337 683 1390 Aeneas
695 1336 806 1391 adlatur
818 1337 962 1392 Achaten:

224 1424 240 1451 “
249 1422 370 1490 Suggere
383 1421 440 1475 tela
450 1421 534 1476 mihi:
556 1439 613 1476 non
626 1424 713 1476 ullum
726 1424 841 1478 dextera
852 1425 956 1479 frustra

222 1509 345 1563 Torserit
357 1510 385 1563 in
399 1510 525 1577 Rutulos,
540 1516 677 1565 steterunt
690 1527 759 1580 quae
771 1513 801 1564 in
814 1527 929 1580 corpore
941 1513 1057 1566 Graium

222 1596 313 1650 Iliacis
326 1597 456 1667 campis.‘'
494 1598 563 1652 Turn
576 1615 704 1667 maguam
719 1599 835 1668 corripit
846 1599 961 1666 hastam,

222 1684 259 1737 Et
270 1684 352 1739 iacit:
373 1685 420 1738 illa
432 1685 529 1740 volans
542 1686 621 1754 clipei
635 1687 841 1742 transverberat
854 1703 918 1740 aera

221 1772 353 1842 Maeonis,
367 1781 395 1827 et
407 1774 523 1828 thoraca
534 1774 614 1827 simul
627 1790 690 1827 cum
702 1779 814 1842 pectore
828 1776 939 1844 rumpit.

222 1861 293 1915 Huic
306 1863 392 1916 frater
404 1863 479 1916 subit
491 1862 621 1928 Alcanor,
636 1863 809 1932 fratremque
820 1870 946 1916 ruentem

222 1948 364 2004 Sustentat
377 1950 489 2004 dextra:
510 1950 627 2004 traiecto
639 1951 723 2004 missa
734 1950 839 2005 lacerto

221 2036 353 2092 Protinus
364 2038 445 2092 hasta
458 2038 529 2105 fugit
542 2043 688 2106 servatque
700 2047 815 2092 cruenta
826 2045 960 2105 tenorem,

220 2123 396 2193 Dexteraque
410 2141 443 2178 ex
456 2141 552 2177 umero
565 2125 658 2177 nervis
670 2125 835 2179 moribunda
848 2125 986 2193 pependit.

221 2211 290 2265 Tum
302 2213 433 2268 Numitor
445 2213 535 2268 iaculo
546 2212 641 2265 fratris
665 2211 700 2265 de
713 2229 830 2281 corpore
842 2217 922 2280 rapto

220 2302 336 2356 Aenean
349 2304 445 2372 petiit;
467 2303 515 2356 sed
528 2317 584 2354 non
598 2307 626 2354 et
639 2299 724 2368 figere
735 2306 832 2354 contra

220 2389 270 2444 Est
282 2390 397 2459 licitum,
412 2391 558 2459 magnique
571 2389 663 2442 femur
675 2388 839 2456 perstrinxit
850 2386 986 2442 Achatae.

220 2476 273 2531 Hic
286 2477 412 2545 Curibus,
426 2477 515 2530 fidens
527 2477 668 2545 primaevo
681 2491 804 2544 corpore,
819 2474 935 2530 Clausus

220 2565 352 2634 Advenit,
367 2572 395 2620 et
408 2566 497 2634 rigida
510 2563 652 2633 Dryopem
667 2563 735 2616 ierit
748 2563 855 2616 eminus
867 2562 947 2616 hasta

220 2653 277 2706 Sub
291 2659 423 2722 mentum,
437 2654 560 2721 graviter
573 2667 674 2721 pressa,
688 2651 847 2719 pariterque
858 2649 997 2719 loquentis

219 2739 325 2794 Vocem
339 2742 513 2809 animamque
526 2741 599 2809 rapit
611 2740 727 2793 traiecto
739 2743 866 2806 gutture;
887 2737 973 2790 atille

219 2826 322 2881 Fronte
335 2828 398 2881 ferit
411 2833 520 2895 terram,
536 2833 564 2880 et
576 2843 698 2880 crassum
711 2826 800 2880 vomit
811 2841 859 2879 ore
872 2840 1006 2879 cruorem.

219 2915 278 2968 Tris
292 2932 399 2984 quoqne
412 2915 553 2968 Threicios
564 2914 670 2968 Boreae
682 2913 717 2968 de
729 2919 812 2982 geute
825 2928 959 2980 suprema,

218 3002 255 3056 Et
267 3004 327 3068 tris,
344 3019 412 3071 quos
425 3001 488 3056 ldas
499 3007 580 3070 pater
592 3005 620 3054 et
632 3002 723 3070 patria
734 3001 840 3056 Ismara
851 3000 948 3066 mittit,

218 3088 274 3141 Per
285 3090 376 3143 varios
389 3089 489 3143 sternit
500 3105 586 3142 casus.
623 3088 754 3141 Accurrit
766 3087 901 3142 Halaesus

221 3176 420 3244 Auruncaeque
433 3193 545 3242 manus;
566 3175 640 3228 subit
652 3180 681 3227 et
693 3173 836 3243 Neptunia
848 3174 948 3242 proles,

219 3261 338 3327 Insignis
350 3263 492 3331 Messapus
505 3262 590 3330 equis.
627 3261 773 3330 Expellere
785 3262 905 3316 tendunt

219 3347 300 3400 Nunc
312 3347 350 3415 hi,
364 3365 437 3401 nnuc
449 3349 504 3415 illi;
525 3353 646 3402 certatur
658 3348 752 3401 limine
764 3349 794 3402 in
806 3349 867 3417 ipso

219 3434 367 3487 Ausoniae.
405 3435 506 3502 Magno
518 3435 658 3488 discordes
670 3435 782 3489 aethere
794 3437 871 3490 venti

220 3517 329 3574 Proelia
341 3535 391 3573 ceu
403 3520 505 3576 tollunt
518 3523 616 3575 animis
627 3527 656 3576 et
668 3522 775 3576 viribus
787 3524 898 3594 aequis;
