2706 3938
392 191 529 240 t'aaalur
552 191 716 241 illinamus
740 193 797 242 Vll.

106 351 193 407 Indicit
203 355 296 424 primis
307 355 448 422 iuvenum,
464 359 492 407 et
504 354 581 406 iubet
595 371 671 408 arura
683 355 784 423 parari,

107 440 185 493 Tutari
196 441 311 508 ltaliam,
326 441 473 494 detrudere
487 441 586 494 tinibus
597 440 721 508 hostem;

73 527 77 536 ’
106 526 133 580 Se
143 530 202 582 satis
213 529 346 582 ambobus
358 528 524 597 Teucrisque
539 529 632 581 venire
645 528 811 598 Latinisque.

106 613 169 668 Haec
179 616 222 668 ubi
235 616 308 669 dicta
320 615 397 670 dedit
409 615 542 684 divosque
553 616 582 668 in
597 621 662 669 vota
673 617 791 683 vocavit,

106 700 221 756 Certatim
234 719 293 756 sese
306 702 403 755 Rutuli
416 702 599 756 exhortantur
610 703 641 755 in
654 720 739 757 arma.

105 787 173 843 Hunc
184 789 263 843 decus
276 790 415 858 egregium
428 790 536 843 formae
550 794 644 843 movet
658 795 740 859 atque
753 791 892 859 iuventae,

105 874 172 930 Hunc
183 878 255 931 atavi
269 892 354 944 reges,
368 875 443 928 hunc
456 876 536 930 clauis
548 876 664 929 dextera
676 878 765 931 iactis.

132 963 197 1017 Dum
208 964 318 1018 Turnus
330 963 447 1016 Rutulos
459 965 559 1017 animis
572 964 720 1018 audaeibus
732 966 837 1034 implet,

104 1051 199 1106 Allecto
212 1052 240 1105 in
254 1051 373 1105 Teucros
386 1050 488 1119 Stygiis
501 1067 530 1104 sa
543 1053 664 1106 concitat
677 1052 744 1107 alis..

104 1139 163 1192 Arte
173 1156 243 1194 nova
255 1138 396 1207 speculata
408 1139 507 1207 locum,
523 1156 577 1208 quo
591 1140 674 1194 litore
686 1141 802 1209 pulcher

104 1224 198 1280 lusidiis
211 1243 347 1295 cursuque
359 1226 431 1280 feras
444 1227 567 1295 agitabat
580 1228 664 1297 lulus,

103 1312 147 1366 Hic
158 1315 275 1368 subitam
287 1314 401 1368 canibus
413 1315 518 1367 rabiem
534 1314 651 1382 Cocytia
662 1316 741 1385 uirgo

103 1399 183 1455 Obicit
194 1409 221 1455 et
232 1407 304 1456 uoto
316 1401 390 1455 naris
404 1403 540 1470 contingit·
555 1403 647 1472 odore,

103 1486 135 1540 Ut
145 1505 251 1542 cervum
264 1489 394 1543 ardentes
407 1497 534 1557 agerent:
558 1507 627 1558 quae
639 1492 730 1560 prima
741 1492 867 1547 laborum

103 1574 180 1630 Causa
190 1577 241 1629 fuit
254 1576 383 1644 belloque
396 1577 501 1629 animos
515 1577 641 1631 accendit
655 1580 779 1648 agrestis.

103 1661 194 1716 Cervus
206 1670 265 1719 erat
278 1665 372 1718 forma
384 1666 535 1732 praestanti
549 1673 577 1718 ct
590 1667 720 1719 cornibus
732 1667 837 1736 ingens,

102 1747 240 1816 Tyrrhidae
251 1751 334 1820 pueri
347 1767 429 1820 quam
441 1753 538 1805 matris
551 1753 586 1806 ab
600 1753 684 1806 ubere
698 1759 808 1822 raptum

102 1833 240 1892 Nutribant
252 1838 448 1907 Tyrrhenaque
461 1847 549 1907 pater,
565 1840 608 1893 oui
621 1841 697 1908 regia
710 1847 809 1908 parent

102 1924 232 1992 Armenta,
247 1935 276 1980 et
289 1926 346 1979 late
359 1927 486 1980 custodia
499 1928 605 1980 credita
618 1929 715 1996 campi.

102 2010 246 2066 Adsuetum
258 2013 384 2081 imperiis
396 2030 473 2067 soror
487 2016 562 2067 omui
577 2014 662 2068 Silvia
674 2032 741 2069 cura

102 2097 217 2154 Mollibus
227 2102 360 2155 intexens
373 2102 489 2155 ornabat
504 2119 607 2156 cornua
620 2104 707 2170 sertis,

102 2184 274 2258 Peetebatque
287 2189 386 2254 ferunt,
402 2206 525 2258 puroque
539 2191 568 2242 in
582 2191 662 2243 fonte
674 2191 794 2246 lavabat.

101 2271 150 2342 Ille,
162 2294 273 2331 manum
286 2278 397 2347 patiens
409 2295 573 2346 mensaeque
586 2279 716 2332 adsuetus
729 2279 796 2347 erili,

101 2359 206 2418 Errabat
218 2366 302 2434 silvis,
319 2382 466 2434 rursusque
479 2366 514 2419 ad
526 2365 621 2422 limina
634 2372 701 2419 nota

101 2448 154 2518 Ipse
165 2454 277 2510 domum
290 2472 355 2509 sera
368 2456 491 2523 quamvis
504 2471 532 2507 se
546 2461 627 2508 uoote
641 2455 755 2508 ferebat.

101 2537 171 2594 Hunc
182 2544 279 2611 procul
292 2550 433 2597 errantem
447 2542 558 2597 rabidae
573 2542 698 2596 venantis
712 2541 763 2594 luli
848 2555 853 2562 ·

101 2624 270 2685 Commovere
283 2647 375 2698 canes,
391 2629 476 2684 fluvio
490 2647 551 2684 oum
564 2631 640 2684 sorte
653 2630 773 2683 secundo

100 2711 236 2787 Dedueret
250 2720 370 2788 ripaque
383 2727 475 2772 aestus
488 2717 623 2771 viridante
636 2717 750 2770 levaret.

101 2801 153 2872 lpse
165 2808 253 2876 etiarn,
269 2808 388 2862 eximiae
400 2807 490 2861 laudis
504 2823 651 2860 succensus
666 2822 767 2873 amore,

102 2891 224 2950 Ascanius
236 2914 325 2952 curvo
338 2896 445 2950 derexit
458 2895 563 2963 spicula
575 2910 677 2959 cornu3

101 2976 151 3034 Neo
162 2982 273 3038 dextrae
287 2982 394 3037 erranti
407 2982 474 3035 deus
487 2982 564 3049 afuit,
579 2987 693 3048 actaque
705 2979 794 3034 multo

100 3065 195 3138 Perque
208 3079 320 3126 uterum
334 3071 427 3124 sonitu
439 3085 543 3138 perque
555 3068 601 3122 ilia
615 3068 691 3120 venit
705 3067 840 3121 harundo.

101 3150 201 3210 Saucius
213 3168 241 3212 at
255 3157 413 3227 quadrupes
425 3161 493 3208 nota
505 3156 579 3208 intra
591 3159 665 3206 tecta
680 3154 791 3222 refugit,

100 3241 278 3316 Successitque
292 3260 407 3313 gemens
420 3242 540 3306 stabulis,
558 3248 710 3310 questuque
724 3247 856 3293 eruentus

101 3332 183 3399 Atque
194 3332 358 3402 imploranti
371 3331 469 3384 similis
481 3334 585 3382 tectum
600 3344 681 3381 omne
694 3329 827 3396 replebat.

100 3414 175 3473 Silvia
185 3422 275 3488 prima
287 3435 375 3485 soror,
390 3417 491 3485 palmis
502 3432 631 3484 pereussa
643 3414 768 3481 lacertos,

100 3503 230 3561 Auxilium
242 3513 326 3560 vocat
339 3511 367 3559 et
380 3505 465 3557 duros
477 3503 631 3556 conclamat
644 3501 766 3568 agrestis.
