2734 3936
456 235 595 286 VERGILI
618 233 747 284 ECLOGA
767 234 812 284 vl.

116 397 233 466 Semper
244 395 336 451 honos
347 413 504 466 nomenque
517 403 595 451 tuum
608 397 756 466 laudesque
769 397 928 452 manebunt.

117 485 156 538 Ut
168 482 280 538 Baccho
293 482 452 553 Cererique,
466 485 519 538 tibi
532 485 571 538 sio
585 489 652 538 vota
665 485 813 552 quotannis

117 571 265 639 Agricolae
276 571 399 638 facient3
420 571 563 626 damnabis
576 576 606 625 tu
620 587 728 640 quoque
740 571 821 625 votis.

151 658 226 712 Mor.
247 659 325 725 Quae
338 658 397 726 tibi,
413 674 482 726 quae
494 658 544 711 tali
556 657 671 712 reddam
683 673 735 727 pro
747 657 868 712 carmine
880 658 974 714 douai

118 744 190 799 Nam
201 761 292 814 neque
303 762 349 799 me
362 751 471 798 tantum
484 745 621 799 venientis
633 745 729 799 sibilus
741 745 835 813 austri,

118 831 144 884 N
145 849 177 886 ec
189 849 320 901 percussa
332 833 430 886 iuvant
441 831 527 884 fluctu
539 837 597 886 tam
609 831 701 899 litora,
715 848 766 886 neo
779 848 849 900 quae

118 919 235 973 Saxosas
246 920 321 973 inter
333 919 485 974 decurrunt
496 917 611 972 flumina
624 918 716 972 valles.

118 1005 192 1060 Man.
212 1007 273 1060 Hae
286 1013 314 1060 te
327 1023 379 1060 nos
390 1006 483 1074 fragili
496 1005 662 1060 donabimus
674 1011 739 1060 anto
751 1007 850 1061 cicuta

118 1093 192 1148 Haeo
202 1111 255 1147 nos
270 1094 461 1147 “Formosum
476 1092 609 1161 Corydon
622 1093 737 1148 ardebat
749 1094 888 1162 Alexim,”

117 1181 189 1236 Haec
201 1182 300 1236 eadem
314 1181 409 1236 docuit
424 1182 440 1209 “
451 1180 550 1234 Cuium
562 1181 665 1250 pecusi
684 1197 720 1235 an
733 1179 881 1234 Meliboei?
893 1180 910 1207 '’

114 1268 186 1323 Mor.
207 1269 249 1323 At
261 1274 294 1321 tn
307 1285 385 1322 sume
396 1268 507 1336 pedum,
522 1267 604 1336 quod,
619 1284 663 1322 me
675 1283 738 1320 cum
751 1283 833 1335 saepe
845 1271 963 1337 rogaret,

112 1356 174 1410 Non
187 1357 255 1410 tulit
269 1355 492 1424 Antigenes-et
504 1361 563 1408 erat
576 1361 634 1408 tum
649 1354 748 1423 dignus
760 1353 882 1408 amari-

110 1443 279 1498 Formosum
290 1441 407 1511 paribus
418 1441 498 1495 nodis
510 1446 594 1511 atque
607 1458 678 1511 aere,
692 1441 826 1496 Menalca.

573 1621 674 1630 —.

511 1737 663 1793 ECLOGA
688 1738 739 1794 VI.

565 1861 685 1909 VARUS.

107 1971 204 2025 Prima
217 1970 368 2038 Syracosio
381 1969 493 2039 dignata
505 1975 547 2024 est
558 1970 655 2025 ludere
669 1987 748 2024 versu

110 2057 214 2112 Nostra
226 2075 281 2112 nec
294 2058 407 2112 erubuit
419 2057 503 2112 silvas
514 2057 641 2112 habitare
654 2057 758 2113 Thalia.

112 2144 181 2198 Cum
195 2161 324 2198 canerem
338 2161 419 2213 reges
431 2149 459 2198 et
471 2145 584 2215 proelia,
599 2145 736 2212 Cynthius
748 2163 842 2200 aurem

113 2231 208 2300 Vellit,
224 2237 253 2285 et
266 2232 428 2286 admonuit:
451 2233 467 2260 “
477 2231 630 2299 Pastorem,
645 2232 746 2302 Tityre,
763 2233 872 2302 pinguis

110 2307 229 2372 ¹Parcere
243 2323 355 2386 oportet
369 2319 435 2384 ovis,
450 2318 600 2373 deductum
612 2318 702 2373 dicere
715 2321 853 2374 carmen.”

113 2405 195 2459 Nunc
208 2421 414 2474 ego-namque
427 2422 509 2474 super
522 2406 572 2460 tibi
585 2412 674 2476 erunt,
690 2407 736 2476 qui
749 2407 841 2462 dicere
853 2408 956 2477 laudes,

114 2493 198 2562 Vare,
212 2498 274 2547 tuas
287 2493 402 2562 cupiant
413 2499 442 2548 et
453 2495 546 2548 tristia
559 2494 678 2549 condere
691 2495 800 2549 belia-

113 2581 261 2648 Agrestem
272 2581 352 2633 tenui
364 2580 517 2635 meditabor
529 2581 683 2636 harundine
695 2580 810 2636 Musam.

113 2666 177 2720 Non
189 2668 294 2720 iniussa
306 2683 385 2720 cano.
423 2665 452 2720 Si
465 2669 525 2736 quis
537 2673 631 2723 tamen
643 2669 713 2724 haec
726 2686 842 2738 quoque,
858 2670 880 2723 si
893 2671 955 2740 quis

113 2753 218 2823 Captus
230 2769 325 2807 amore
336 2754 417 2822 leget,
431 2759 460 2808 te
472 2760 591 2823 nostrae,
606 2755 690 2824 Vere,
705 2755 833 2822 myricae,

113 2841 261 2894 Tenemus
274 2858 357 2895 omne
371 2847 466 2908 canet,
487 2858 538 2895 nec
551 2841 665 2897 Phoebo
678 2843 781 2911 gratior
794 2843 850 2896 ulla
862 2850 910 2911 est,

113 2928 201 2993 Quam
216 2929 269 2982 sibi
281 2945 350 2997 quae
363 2927 431 2982 Vari
444 2929 620 2997 praescripsit
632 2928 733 2996 pagina
745 2945 855 2982 nomen.

146 3015 267 3082 Pergite,
282 3015 413 3069 Pierides.
452 3014 579 3068 Chromis
592 3020 620 3068 et
632 3015 770 3083 Mnasylos
781 3016 809 3068 in
823 3020 903 3070 antro

113 3100 234 3156 Silenum
248 3103 327 3170 pueri
341 3118 437 3156 somno
451 3102 545 3156 videre
556 3103 699 3170 iacentem,

112 3188 242 3244 Inflatum
257 3190 385 3243 hesterno
398 3206 489 3256 venas,
504 3194 536 3242 ut
548 3205 663 3257 semper,
678 3189 796 3244 Iaccho:

112 3275 191 3330 Serta
202 3276 304 3344 procul
315 3281 424 3330 tantum
437 3276 522 3344 capiti
534 3275 645 3345 delapsa
658 3277 792 3341 iacebant,

111 3360 146 3416 Et
157 3363 253 3432 grans
265 3363 363 3418 attrita
375 3362 513 3431 pendebat
526 3363 673 3418 cantharus
686 3381 760 3418 ansa.

110 3451 346 3522 Aggressissnam
359 3466 440 3518 saepe
452 3466 536 3503 senex
549 3467 597 3518 spe
609 3451 739 3504 carminis
750 3453 833 3505 ambo

109 3537 383 3594 Luserat-iniciunt
395 3536 461 3606 ipsis
474 3553 507 3590 ex
520 3537 630 3591 vincula
642 3538 731 3594 sertis.
