2656 3940
361 309 367 324 ⁸
404 233 542 284 VERGILI
565 235 729 286 AENEIDOS
752 237 795 286 IX.

84 393 221 450 Reotores
232 395 366 449 iuvenum
379 401 407 450 et
420 412 510 450 rerum
525 397 602 450 dedit
615 414 674 451 esse
688 399 840 466 ruagistros.

85 482 184 536 Omnis
198 501 250 552 per
261 500 358 537 muros
369 483 450 553 legio,
465 485 562 538 sortita
573 484 716 553 periclum,

85 569 214 623 Excubat
227 575 394 640 exercetque
406 571 487 639 viees,
503 571 575 640 quod
589 573 688 640 ouique
703 571 835 626 tuendum
849 578 899 626 est.

120 657 208 710 Nisus
222 663 283 711 eret
295 663 393 726 portae
407 663 506 726 eustos,
521 651 671 712 auerrimus
685 659 776 726 armis,

86 744 265 812 Hyrtacides,
279 745 408 799 comitem
423 747 535 800 Aeneae
549 763 629 814 quem
644 748 757 800 miserat
770 747 819 801 Ida

89 831 235 899 Venatrix,
250 832 340 885 iaoulo
353 832 469 885 eelerern
484 833 644 902 levibusque
659 835 781 902 sagittis3

86 917 122 972 Et
134 920 215 972 iuxta
228 935 321 972 eomes
333 919 476 988 Euryalus,
493 937 547 989 quo
560 921 704 989 pulchrior
717 922 786 976 alter

88 1006 113 1058 N
114 1023 151 1060 on
163 1007 221 1060 fnit
234 1006 398 1060 Aeneadum
411 1007 530 1061 Troiana
543 1023 632 1077 neque
645 1009 737 1062 induit
749 1027 833 1079 arma,

88 1094 143 1147 Ora
155 1110 227 1162 puer
239 1093 329 1162 prima
341 1095 453 1162 signans
464 1095 576 1149 intonsa
590 1097 711 1151 iuventa.

87 1181 138 1234 His
151 1197 232 1235 amor
244 1196 316 1234 unus
328 1188 394 1248 erat,
409 1182 567 1251 pariterque
581 1183 610 1236 in
622 1184 694 1238 bella
706 1184 840 1252 ruebant3

86 1269 156 1323 Tum
170 1285 281 1338 quoque
294 1271 434 1322 eommnni
446 1277 556 1340 portam
572 1272 690 1326 statione
702 1273 843 1326 tenebant.

87 1357 172 1411 Nisus
185 1358 241 1411 ait:
264 1359 280 1386 “
291 1356 364 1411 Dine
377 1359 451 1412 huno
464 1360 591 1414 ardorem
606 1361 746 1414 mentibus
759 1360 871 1427 addunt,

85 1445 215 1514 Euryale,
231 1462 267 1499 an
280 1463 329 1500 sua
340 1447 438 1515 cuique
451 1447 519 1502 deus
532 1449 565 1502 fir
577 1449 638 1502 dira
651 1448 771 1518 cupido?

86 1534 145 1586 Aut
158 1551 289 1603 pugnam,
305 1540 353 1588 aut
366 1535 470 1604 aliquid
483 1536 642 1590 iamdudum
656 1537 787 1590 invadere
801 1553 931 1603 magnum

85 1619 166 1673 Mens
179 1620 268 1687 agitat
279 1620 355 1687 mihi,
371 1637 421 1675 nee
433 1622 543 1690 plaoida
556 1629 688 1678 contenta
701 1623 792 1692 quiete
806 1627 854 1675 est.
913 1663 915 1666 .

86 1707 194 1775 Cernis,
209 1725 280 1777 quae
292 1707 410 1762 Rutulos
425 1709 526 1764 habeat
539 1709 640 1764 fiduoia
653 1727 744 1763 rerum
757 1729 762 1763 :

85 1793 206 1848 Lumina
218 1812 282 1849 rara
293 1796 413 1863 micant3
435 1813 532 1850 somno
546 1798 665 1866 vinoque
678 1798 759 1851 soluti

85 1882 282 1951 Procubuere3
302 1884 385 1937 silent
396 1884 452 1938 late
464 1885 533 1938 loos.
570 1884 687 1954 Peroipe
700 1902 789 1954 porro,

85 1969 160 2035 Quid
173 1970 307 2038 dubitem,
324 1979 353 2024 et
366 1989 435 2040 quae
448 1988 521 2025 nuno
534 1972 627 2025 animo
639 1972 777 2026 sententie
789 1979 891 2040 surgat.

85 2058 205 2111 Aenean
217 2059 301 2112 aooiri
314 2075 417 2121 omnes,
431 2058 604 2128 populusque
616 2065 772 2128 patresque,

84 2145 258 2215 Exposeunt,
271 2147 400 2216 mittique
412 2148 495 2215 viros,
511 2146 557 2216 qui
571 2152 646 2201 certa
658 2151 809 2216 reportent.

85 2233 123 2302 Si,
137 2235 192 2287 tibi
205 2250 275 2302 quae
288 2251 379 2304 poseo,
394 2235 675 2304 promittunt—nam
687 2234 756 2287 mihi
769 2235 836 2286 faeti

85 2321 173 2375 Fama
185 2327 228 2375 sat
241 2322 436 2391 est—tumulo
449 2322 545 2375 videor
558 2323 680 2390 reperire
693 2322 743 2375 sub
756 2321 804 2374 illo

85 2409 171 2463 Posse
184 2409 259 2464 viam
273 2411 307 2464 ad
321 2427 416 2464 muros
429 2416 457 2463 et
470 2409 579 2462 moenia
591 2408 759 2463 Pallantea.’'

86 2497 230 2566 Obstipuit
242 2514 343 2566 magno
355 2498 467 2552 laudum
484 2515 627 2565 percussus
640 2512 733 2551 amore

84 2585 223 2652 Euryalus
234 2604 240 2650 ;
261 2585 342 2640 simul
353 2585 397 2638 his
410 2586 553 2640 ardentem
568 2586 679 2639 adfatur
692 2585 825 2638 amioum:

87 2678 103 2700 ‘⁶
113 2672 197 2726 Mene
209 2672 295 2741 igitur
307 2673 412 2727 sooium
425 2673 540 2726 summis
553 2673 701 2740 adiungere
713 2673 804 2737 rebus,

85 2759 161 2827 Nise,
176 2759 267 2828 fugiet
287 2761 376 2814 solum
389 2765 417 2814 te
430 2761 458 2814 in
473 2767 550 2815 tauta
563 2759 687 2829 pericula
698 2758 826 2813 mittam?

85 2847 150 2900 Non
163 2848 204 2900 ita
215 2863 260 2900 me
273 2848 391 2916 genitor,
407 2847 485 2902 bellis
499 2848 630 2901 adsuetus
643 2845 784 2915 Opheltes,

86 2934 251 3002 Argolicum
263 2940 399 2988 terrorem
413 2935 485 2988 inter
498 2935 649 3004 Troiaeque
662 2934 771 2988 labores

85 3022 230 3076 Sublatum
246 3021 363 3084 erudiit:
384 3038 435 3075 neo
448 3027 541 3075 tecum
554 3021 621 3075 talia
634 3021 713 3090 gessi,

85 3107 294 3177 Magnanimum
309 3111 424 3162 Aenean
437 3114 466 3162 et
477 3110 538 3164 fata
552 3114 677 3162 extrema
690 3113 814 3162 seoutus:

85 3194 133 3250 Est
145 3197 200 3264 hio,
215 3202 258 3250 est
270 3196 379 3249 animus
391 3196 460 3249 lueis
473 3201 656 3264 contemptor,
672 3202 700 3249 et
712 3196 795 3249 istum

85 3283 138 3348 Qui
151 3284 211 3338 vita
223 3284 296 3337 bene
309 3283 404 3337 eredat
418 3284 479 3349 erni,
494 3300 550 3352 quo
563 3282 660 3349 tendis,
675 3281 839 3336 honorem.”

85 3370 168 3424 Nisus
180 3371 215 3425 ad
229 3371 316 3425 haee:
340 3369 502 3438 “Equidem
516 3370 550 3423 de
562 3374 591 3423 te
605 3370 644 3422 nil
656 3370 711 3422 tale
724 3369 856 3434 verebar3

84 3457 143 3511 Neo
156 3459 213 3524 sas3
236 3475 311 3512 non:
332 3457 373 3510 ita
385 3473 429 3509 me
442 3458 545 3511 referat
557 3457 607 3509 tibi
622 3473 736 3524 magnus
749 3460 879 3509 ovantem

85 3544 216 3617 Iuppiter,
232 3551 281 3600 aut
294 3545 462 3615 quicumque
475 3543 561 3597 oeulis
573 3543 641 3597 haee
655 3542 752 3612 aspioit
764 3542 866 3610 aequis
