2668 3942
408 245 546 296 vnaemr
568 245 734 298 sasamon
756 249 813 300 XII.

116 403 203 460 Aenea
215 406 350 477 veniente,
365 407 424 461 sui:
444 407 521 462 dedit
534 408 616 464 obvia
627 409 704 464 ferro

113 492 230 562 Pectora,
244 511 295 548 nec
307 495 409 548 misero
422 494 502 564 clipei
515 511 593 550 mora
606 497 712 565 profuit
726 499 808 554 aerei.

114 579 146 634 'le
158 597 262 649 qnoque
275 581 425 636 Laurentes
438 583 575 652 viderunt,
590 584 687 654 Aeole,
702 587 793 656 campi

113 667 243 736 Oppetere
256 677 285 722 et
296 668 351 722 late
364 674 469 724 terram
482 674 659 726 consternere
671 678 765 741 tergo:

112 755 222 822 Occidis,
238 755 359 824 Argivae
372 772 451 825 quem
464 773 522 812 non
534 763 650 826 potuere
663 759 813 829 phalanges

112 843 239 910 Sternere,
255 860 309 896 nec
320 843 424 898 Priami
436 861 585 914 regnorum
599 863 712 900 eversor
724 849 848 904 Achilles
858 870 864 919 3

111 928 160 984 Hic
170 930 221 983 tibi
233 931 333 984 mortis
345 936 424 985 erant
438 938 534 1000 metae,
549 933 648 987 domus
661 935 716 990 alta
728 939 780 992 suh
792 939 857 1007 lda;

111 1016 217 1083 Lyrnesi
230 1017 329 1072 domus
341 1017 404 1087 alta,
422 1019 480 1073 solo
493 1019 630 1075 Laurente
644 1025 808 1093 sepulcrum.

112 1103 188 1158 Totae
201 1104 270 1159 adeo
283 1122 433 1160 conversae
446 1107 525 1176 acies,
541 1125 690 1180 omnesque
702 1112 802 1181 Latini,

112 1190 207 1245 Omnes
218 1191 403 1263 Dardanidae,
415 1193 583 1260 Mnestheus,
599 1215 715 1269 acerque
728 1201 861 1270 Serestus,

111 1279 143 1334 Et
154 1280 294 1352 Messapus
307 1300 406 1352 equum
423 1284 551 1354 domitor,
566 1292 595 1342 et
606 1289 687 1342 fortis
698 1289 797 1358 Asilas,

112 1368 309 1440 Tuscorumque
321 1372 451 1442 phalanx,
467 1373 646 1444 Euandrique
659 1377 782 1430 Arcades
795 1376 862 1445 alae,

111 1457 161 1514 Pro
172 1479 199 1515 se
212 1462 327 1530 quisque
340 1463 393 1514 viri
407 1481 514 1518 summa
526 1465 652 1519 nituntur
665 1481 748 1533 opum
760 1465 803 1531 vi;

111 1543 163 1600 Nec
174 1565 258 1617 mora,
274 1567 326 1604 nec
339 1551 447 1620 requies
458 1571 464 1618 3
486 1562 564 1606 vasto
577 1553 727 1607 certamine
739 1551 865 1606 tendunt.

113 1607 132 1704 l
142 1635 191 1690 Hic
203 1644 328 1692 mentem
340 1639 454 1694 Aeneae
468 1641 594 1709 genetrix
607 1639 792 1708 pulcherrima
804 1639 885 1705 misit,

111 1722 161 1778 lret
173 1731 202 1780 nt
215 1729 248 1782 ad
263 1745 365 1795 muros,
380 1729 495 1797 urbique
508 1729 666 1783 adverteret
678 1743 775 1795 agmen
842 1755 851 1769 ·

112 1810 186 1866 Ocius
198 1821 226 1869 et
238 1817 333 1870 subita
344 1817 470 1870 turbaret
485 1816 562 1870 clade
574 1815 696 1870 Latinos.

111 1897 161 1969 lllc,
175 1909 205 1957 ut
217 1905 359 1973 vestigans
373 1905 483 1959 diversa
495 1921 546 1973 per
559 1904 669 1972 agmina
681 1902 804 1956 Turnum

112 1985 165 2042 Huc
177 1997 258 2061 atque
271 1993 327 2048 huc
341 1995 413 2048 acies
427 1992 602 2060 circumtulit,
620 1991 719 2060 aspicit
732 1990 827 2042 urbem

110 2073 254 2134 Immunem
269 2083 342 2134 tanti
355 2081 421 2135 belli
435 2085 517 2149 atque
529 2081 641 2148 impune
654 2079 782 2148 quietam.

111 2163 242 2224 Continuo
256 2189 367 2240 pugnae
379 2170 506 2226 accendit
518 2169 630 2222 maioris
642 2169 749 2234 imago:

110 2250 245 2314 Mnesthea
258 2259 473 2328 Sergestumque
487 2261 569 2311 vocat
581 2256 739 2323 fortemque
751 2252 890 2306 Serestum
959 2314 961 2318 y

110 2340 246 2416 Ductores,
260 2348 454 2417 tumulumque
469 2346 549 2414 capit,
566 2361 620 2413 qua
632 2350 723 2397 cetera
735 2340 871 2393 Teumum

110 2428 249 2490 Concurrit
260 2436 343 2504 legio,
357 2453 409 2490 nec
422 2439 500 2489 scuta
513 2439 561 2487 ant
574 2432 679 2501 spicula
690 2429 768 2483 densi

109 2517 259 2590 Deponunt.
301 2524 382 2578 Oelso
395 2523 503 2577 medius
517 2526 593 2575 stans
605 2535 703 2588 aggere
716 2517 808 2570 fatur:

111 2607 173 2664 “Ne
184 2629 235 2680 qua
248 2614 319 2667 meis
332 2619 392 2666 esto
405 2611 487 2666 dictis
500 2606 739 2675 mora-luppiter
751 2603 803 2656 hac
816 2606 907 2655 stat-

109 2692 164 2751 Neu
177 2701 236 2768 quis
250 2701 287 2756 ob
300 2701 441 2768 inceptum
455 2698 576 2752 subitum
590 2694 658 2747 mihi
672 2691 781 2760 segnior
794 2689 842 2742 ito.

25 2799 26 2802 ’
109 2780 205 2839 Urbem
216 2788 310 2854 hodie,
325 2803 433 2842 causam
446 2785 519 2852 belli,
535 2799 621 2852 regna
632 2782 691 2849 ipsa
701 2776 801 2844 Latini,

108 2869 142 2924 Ni
153 2874 260 2928 frenum
274 2875 398 2944 accipere
411 2879 439 2928 et
451 2872 518 2927 victi
530 2885 627 2940 parere
639 2869 771 2932 fatentur,

108 2955 211 3028 Eruam,
226 2968 255 3016 et
267 2979 356 3031 aequa
368 2948 428 3015 solo
440 2959 577 3013 fumantia
590 2955 710 3010 culmina
722 2968 834 3021 ponam.

109 3042 212 3102 Scilicet
224 3054 391 3117 exspectem,
405 3048 490 3101 libeat
502 3046 569 3098 dum
582 3042 689 3112 proelia
701 3041 795 3092 Turno

109 3128 204 3189 Nostra
215 3136 282 3204 pati,
298 3151 446 3204 rursusque
459 3133 527 3187 velit
541 3145 704 3186 concurrere
717 3125 824 3180 victnsl

109 3214 162 3273 lloc
175 3228 264 3291 capnt,
280 3241 296 3276 o
309 3222 390 3290 cives,
404 3222 473 3275 haec
486 3219 550 3274 belii
565 3235 672 3272 summa
685 3213 806 3268 nefandi.

108 3301 182 3360 Ferte
194 3309 271 3363 faces
282 3326 408 3379 propere,
423 3307 576 3376 foedusque
589 3304 728 3373 reposcite
741 3297 888 3353 fiammis.’'

107 3388 224 3463 Dixerat,
239 3405 323 3466 atque
335 3396 434 3450 animis
445 3394 551 3464 pariter
563 3391 734 3446 certantibus
746 3403 842 3441 omncs

107 3476 176 3534 Dant
189 3499 314 3552 cuneum,
329 3483 468 3551 densaque
482 3482 515 3536 ad
529 3496 622 3533 muros
634 3477 706 3530 mole
719 3477 853 3528 feruntur.

107 3563 195 3621 Scalae
207 3569 358 3638 improviso
372 3569 531 3637 subitusque
545 3565 672 3635 apperuit
684 3563 764 3631 ignis.
