2668 3942
416 253 555 302 vntum
577 253 742 303 antemos
765 253 821 305 xn.

138 415 256 469 Interea
268 420 395 469 extremo
408 414 525 468 bellator
537 415 566 468 iu
579 431 698 484 aequore
711 415 819 470 Turnus

105 503 232 559 Palantia
246 503 368 571 sequitur
380 517 483 570 pancos
494 503 550 556 iarn
563 502 681 570 segnior,
695 509 777 572 atque

103 589 165 644 Iam
178 590 273 642 minue
285 599 367 658 atque
379 589 471 643 miuus
483 605 610 644 successu
622 589 710 644 laetus
722 607 864 659 equorum.

105 676 214 730 Attulit
226 677 301 730 hunc
313 675 354 729 illi
367 677 455 730 caecis
467 676 619 730 terroribus
632 693 700 732 aura

105 763 299 818 (lommixtum
313 763 470 833 clamorem,
484 769 660 832 arrectasque
672 765 782 834 impulit
794 767 868 820 auris

106 849 250 904 Geniusae
264 866 347 903 sonus
360 851 436 904 urbis
449 858 477 904 et
488 849 647 904 inlaetabile
659 867 791 905 murmur.

105 933 124 967 *Β
132 937 168 990 Ei
181 937 266 991 milril
288 937 352 1006 quid
364 942 445 991 tanto
456 937 605 992 turbentur
617 939 727 993 moenia
740 938 834 994 luctui

106 1025 212 1090 Quisve
224 1025 280 1078 ruit
292 1030 386 1080 tantus
398 1024 507 1078 diverse
519 1024 622 1078 clamor
634 1025 669 1080 ab
682 1026 766 1080 urbel
776 1026 792 1054 ”

105 1113 153 1167 Sic
165 1113 214 1181 ait,
229 1111 408 1181 adductisque
421 1127 516 1166 amens
529 1112 653 1166 subsistit
666 1113 787 1169 habenis.

104 1201 203 1269 Atque
214 1199 288 1267 hnic,
303 1199 331 1253 in
343 1199 442 1252 taciem
455 1215 534 1252 soror
546 1205 578 1252 nt
590 1216 723 1254 conversa
734 1200 843 1256 Metisci

105 1289 232 1356 Aurigae
245 1303 409 1357 curmmqne
422 1295 450 1341 et
462 1303 547 1356 equos
560 1293 589 1341 et
601 1288 661 1342 lora
673 1289 792 1357 regebat,

104 1375 220 1429 Talibus
233 1374 354 1428 occurrit
365 1374 461 1428 dictis:
485 1377 501 1404 “
510 1375 577 1442 Hac,
592 1375 691 1442 Turne,
706 1392 853 1444 sequamur

105 1465 285 1532 Troiugenas,
301 1479 353 1531 qua
364 1463 454 1531 prima
466 1462 538 1516 viam
552 1462 669 1516 victoria
680 1463 793 1531 pandit;

105 1554 178 1608 Sunt
191 1553 245 1619 alii,
259 1553 306 1622 qui
318 1557 393 1606 tecta
403 1569 485 1605 manu
499 1552 648 1606 defendere
659 1552 773 1620 possint.

104 1641 217 1710 Ingruit
229 1640 340 1693 Aeneas
353 1639 431 1692 Italis
444 1644 473 1692 et
486 1639 590 1706 proelia
603 1639 717 1694 miscet:

104 1730 143 1782 Et
155 1745 208 1782 noa
220 1744 301 1781 saeva
313 1744 396 1783 manu
409 1728 552 1782 mittamus
564 1728 662 1781 funera
673 1727 792 1782 Teucris.

104 1816 167 1870 Neo
179 1831 296 1870 numero
308 1815 432 1883 inferior,
446 1831 554 1884 pugnae
566 1831 618 1870 nec
630 1815 735 1869 honore
748 1816 886 1871 recedee.”

104 1904 216 1957 Turnus
228 1903 263 1956 ad
275 1903 357 1957 haec:

106 1993 160 2046 “0
174 2010 261 2062 soror,
276 1997 305 2046 et
317 1992 420 2050 dudum
433 1995 542 2062 agnovi,
558 2011 620 2048 cum
633 1994 722 2063 prima
733 2012 784 2064 per
796 2001 884 2050 artem

103 2082 231 2136 Foedera
243 2082 360 2136 turbasti
372 2087 455 2151 teque
467 2083 535 2136 haec
547 2083 576 2135 iu
588 2083 660 2137 bella
673 2083 780 2150 dedisti,

103 2172 143 2226 Et
154 2189 230 2226 nunc
242 2173 407 2241 nequiquam
422 2171 493 2225 fallis
506 2171 566 2226 dea.
604 2172 660 2226 Sed
673 2174 733 2241 quis
745 2172 866 2242 Olympo

103 2261 260 2316 Demiesam
274 2267 367 2315 tantos
379 2260 470 2315 voluit
482 2265 511 2314 te
522 2261 597 2314 ferre
609 2261 735 2316 labor-eei

103 2350 152 2403 An
165 2349 262 2403 fratris
274 2349 365 2402 miseri
377 2348 464 2402 letum
476 2352 509 2402 ut
520 2349 630 2403 crudele
643 2349 768 2404 videresi

104 2436 178 2492 Nam
191 2437 256 2506 quid
270 2455 328 2506 ago,
344 2444 391 2492 aut
404 2455 473 2508 qnae
485 2440 540 2493 iam
553 2438 670 2508 spondet
681 2439 793 2493 fortuna
805 2439 938 2493 salutemi

102 2521 171 2576 Vidi
186 2523 278 2576 oculos
291 2527 355 2577 ente
367 2524 426 2592 ipae
438 2541 515 2578 meos
526 2541 571 2577 me
584 2542 652 2578 voce
664 2531 808 2578 vocantem

102 2612 275 2674 Murranum,
291 2630 345 2682 quc
358 2629 413 2666 non
428 2618 540 2682 superat
552 2613 621 2666 mihi
634 2615 724 2668 carior
736 2615 812 2680 alter,

103 2701 255 2770 oppetere,
268 2701 418 2769 ingentem,
434 2707 517 2770 atque
530 2702 635 2769 ingenti
649 2702 761 2756 volnere
774 2703 886 2757 victum.

103 2787 216 2844 Occidit
227 2787 324 2842 infelix
337 2805 373 2842 ne
385 2793 511 2843 nostrum
525 2788 644 2842 dedecus
657 2789 744 2842 Ufens

104 2877 266 2945 Aspiceret3
287 2875 383 2929 Teucri
397 2877 542 2944 potiuntur
554 2893 670 2946 corpore
683 2881 711 2931 et
724 2877 814 2931 armis.

103 2963 272 3017 Exscindine
285 2962 446 3017 domos-id
459 2965 542 3018 rebus
554 2964 644 3018 detuit
656 2981 778 3018 unum-

103 3051 258 3120 Perpetiar‚
273 3050 370 3104 dextra
382 3067 434 3105 nec
446 3051 565 3105 Drancis
574 3051 649 3106 dicta
661 3051 801 3106 refellami

103 3138 192 3206 Terga
204 3138 283 3205 dabo,
299 3143 328 3192 et
340 3137 461 3192 Turnum
474 3139 623 3206 fugientem
637 3139 706 3192 haec
718 3147 793 3193 terra
804 3139 929 3214 videbit?

105 3225 198 3295 Usque
211 3225 317 3280 adeone
329 3224 400 3279 mori
413 3226 545 3279 miserum
557 3227 617 3280 esti
637 3226 698 3280 Vos
711 3243 728 3281 o
740 3227 808 3279 mihi
820 3226 917 3282 Manes

102 3311 170 3366 Este
183 3311 257 3380 boni,
272 3313 402 3382 qnoniam
416 3312 530 3382 Superis
542 3329 639 3367 aversa
652 3313 788 3368 voluntas.
849 3335 851 3340 ·

103 3397 206 3452 Sancta
218 3397 254 3452 ad
266 3413 317 3451 vos
329 3397 422 3451 anima
434 3403 518 3466 atque
530 3399 609 3452 istius
621 3400 715 3452 nescia
727 3399 824 3468 culpae

102 3484 284 3549 Descendam‚
299 3501 462 3553 magnorum
476 3485 550 3538 baud
563 3503 692 3554 umquem
705 3486 834 3552 indignus
847 3484 990 3541 avorum.”

137 3571 195 3628 Vix
209 3589 242 3626 ea
254 3571 330 3626 letne
342 3577 416 3626 erat:
437 3572 543 3626 medios
555 3573 639 3640 volat,
655 3590 725 3640 ecce,
742 3590 791 3641 per
803 3573 891 3628 bostis
