2656 3940
524 203 662 252 VERGILI
684 203 849 253 AENEIDOS
872 204 915 254 xl.

211 364 340 432 Imperat,
354 369 384 418 et
395 369 457 419 toto
469 365 557 420 lectos
570 382 604 418 ex
618 366 726 434 agmine
738 367 827 419 mittit

209 453 286 508 Mille
301 455 380 522 viros,
395 455 440 523 qui
454 471 612 524 supremum
627 457 796 510 comitentur
808 455 952 522 honorem,

209 539 395 608 Intersintque
407 539 494 607 patris
508 539 634 606 lacrimis,
649 541 751 592 solacia
764 539 855 592 luctus

210 626 316 695 Exigua
329 627 456 694 ingentis,
471 627 572 680 misero
584 626 631 679 sed
645 627 738 680 debita
750 628 832 696 patri.

210 712 291 766 Haud
305 730 402 780 segnes
414 713 459 767 alii
472 714 555 767 cratis
568 719 595 767 et
608 714 690 768 molle
703 715 838 767 feretrum
903 709 907 714 ’

210 802 342 855 Arbutcis
355 806 455 854 texunt
467 802 552 869 virgis
566 807 595 855 et
608 802 710 854 vimine
727 817 840 870 querno,

209 889 426 956 Exstrnotosquc
437 893 515 942 toros
528 890 644 942 obtentu
658 889 765 942 frondis
776 889 945 944 inumbrant,

210 977 263 1030 Hic
275 977 403 1029 iuvenem
417 975 519 1042 agresti
532 975 679 1029 sublimem
695 978 828 1030 stramine
840 983 962 1046 ponunt:

211 1064 326 1131 Qualem
339 1062 464 1130 virgineo
477 1062 632 1116 domomum
646 1063 745 1131 pollice
759 1063 854 1118 florem

211 1153 266 1207 Seu
278 1153 369 1206 mollis
382 1152 478 1221 violae,
493 1170 541 1207 seu
554 1154 710 1222 languentis
722 1155 875 1221 hyacinthi,

211 1241 263 1296 Oui
275 1257 364 1310 neque
376 1240 469 1309 fulgor
481 1241 579 1309 adhuc,
594 1259 646 1296 nec
659 1241 727 1295 dum
739 1259 789 1296 sua
800 1243 891 1296 forma
903 1242 1032 1308 recessit3

211 1329 276 1383 Nou
289 1329 344 1382 iam
356 1333 445 1382 mater
458 1327 507 1380 alit
519 1329 609 1393 tellus,
624 1330 745 1398 virisque
758 1330 903 1383 ministrat.

211 1417 278 1470 Tum
293 1416 416 1484 geminas
428 1422 518 1469 vestes
531 1433 653 1485 auroque
667 1423 798 1486 ostroque
810 1413 926 1485 rigentis

211 1504 318 1558 Extulit
331 1505 447 1573 Aeneas,
462 1521 530 1574 quas
542 1504 588 1557 illi·
596 1505 669 1558 laeta
682 1505 808 1558 laborum

211 1592 274 1660 lpsa
287 1593 342 1646 suis
355 1592 491 1660 quondam
506 1593 633 1646 manibus
646 1592 759 1645 Sidonia
770 1591 845 1644 Dido

210 1679 333 1747 Fecerat,
348 1686 376 1732 et
388 1680 465 1733 tenui
478 1679 547 1734 telas
561 1680 732 1733 discreverat
746 1696 821 1733 auro.

211 1767 316 1822 Harum
330 1786 411 1822 unam
426 1768 519 1822 iuveni
533 1784 692 1836 supremum
706 1773 826 1821 maestus
838 1767 973 1820 honorem
1067 1821 1071 1842 ξ

211 1855 313 1924 Induit,
328 1872 490 1925 arsurasque
503 1871 596 1909 comas
609 1854 727 1908 obnubit
740 1854 857 1921 amictu,

211 1942 353 2013 Multaque
366 1951 509 2012 praeterea
522 1942 666 1997 Laurentis
680 1942 802 2010 praemia
815 1958 924 2010 pugnae

211 2031 343 2100 Aggerat,
358 2038 386 2086 et
398 2032 482 2100 longo
497 2031 627 2100 praedam
639 2029 718 2082 iubet
731 2029 828 2082 ordine
840 2029 912 2082 duci.

211 2120 300 2173 Addit
313 2137 397 2189 equos
409 2125 437 2173 et
449 2120 512 2187 tela,
529 2119 628 2188 quibus
641 2118 807 2187 spoliaverat
818 2116 935 2170 hostem.

149 2208 151 2212 ’
211 2207 349 2262 Vinxerat
361 2214 390 2262 et
402 2212 465 2277 post
478 2212 556 2275 terga
570 2222 672 2271 manus,
688 2222 757 2274 quos
768 2205 894 2258 mitteret
907 2203 1012 2256 umbris

211 2295 334 2364 InferiaS,
349 2312 429 2350 caeso
442 2311 586 2364 sparsurus
599 2294 732 2360 sauguine
745 2293 901 2358 flammam,

211 2383 380 2452 indutosque
393 2384 470 2437 iubet
483 2388 595 2436 truncos
609 2380 755 2434 hostilibus
768 2379 851 2433 armis

211 2471 289 2539 Ipsos
302 2472 373 2524 ferre
386 2471 476 2544 duces,
492 2471 657 2538 inimicaque
669 2469 782 2522 nomina
794 2465 848 2534 figi

211 2557 328 2611 Ducitur
341 2558 436 2611 infelix
450 2575 518 2613 aevo
532 2558 675 2612 confectus
690 2556 817 2622 Acoetes,

212 2645 328 2699 Pectora
339 2663 414 2700 nuno
426 2646 540 2701 foedans
553 2647 661 2716 pugnis,
676 2660 751 2697 nunc
764 2641 903 2710 unguibus
915 2657 981 2708 ora3

211 2731 358 2801 Sternitur,
373 2739 402 2786 et
412 2739 473 2788 toto
485 2735 624 2803 proiectus
638 2747 755 2801 corpore
767 2736 866 2784 terrae.

212 2819 324 2874 Ducunt
336 2825 364 2875 et
377 2821 482 2876 Rutulo
494 2823 623 2891 perfusos
637 2821 770 2888 sanguine
784 2834 889 2872 eunus.

211 2907 279 2962 Post
291 2908 409 2962 bellator
422 2926 515 2978 equus,
531 2909 628 2978 positis
641 2908 804 2977 insignibus,
818 2904 938 2972 Aethon,

212 2994 238 3048 It
249 2995 403 3066 lacrimatue,
418 2997 559 3065 guttisque
572 3000 693 3049 umectat
707 2994 858 3062 grandibus
871 3009 928 3047 ora.

212 3083 326 3138 Hastam
339 3084 384 3140 alii
397 3084 558 3153 galeamque
570 3084 683 3148 iorunt3
705 3099 769 3135 narn
784 3087 877 3135 cetera
890 3078 998 3132 Turnus

212 3169 311 3224 Victor
322 3171 415 3226 habet.
452 3169 521 3224 Tum
535 3174 641 3222 maesta
653 3168 774 3237 phalanx
788 3167 940 3235 Teucrique
953 3173 1110 3235 sequuntur

212 3256 401 3327 Tyrrhenique
415 3274 510 3310 omnes
523 3263 552 3310 et
566 3257 651 3310 versis
664 3255 788 3309 Arcades
800 3253 892 3308 armis.

211 3343 361 3411 Postquam
375 3343 464 3396 omnis
476 3343 559 3410 longe
572 3344 704 3396 comitum
718 3345 891 3410 processerat
903 3340 979 3404 ordo,

212 3428 342 3482 Substitit
354 3428 471 3495 Aeneas,
487 3430 644 3496 gemituque
657 3429 725 3482 haec
738 3428 845 3481 addidit
858 3427 930 3480 alto:

215 3515 231 3543 ‘⁴
241 3513 301 3566 Nos
314 3513 380 3566 alias
393 3514 459 3567 hinc
472 3515 506 3567 ad
519 3515 644 3568 lacrimas
658 3515 753 3568 eadem
766 3514 880 3568 horrida
892 3513 957 3567 belli
