2734 3936
510 216 647 265 VERGILI
671 214 859 265 causemur
884 216 916 264 ll.

205 377 413 447 Pascunturque
424 378 503 446 ignes
514 378 642 431 nocturni
656 382 685 431 et
696 378 800 431 lumina
812 377 940 432 fundunt.

205 465 240 518 nt
253 465 382 518 dubitant
394 465 521 518 homines
534 481 625 518 serere
638 470 720 534 atque
732 465 894 533 impendere
907 467 1022 520 curam?

205 551 279 616 Quid
290 553 396 605 maiora
409 552 522 620 sequari
543 551 639 604 salices
650 551 822 619 humilesque
834 557 970 620 genestae,

205 640 264 696 Aut
275 639 338 692 illae
352 641 445 707 pecori
458 638 585 691 frondem
598 644 646 692 aut
659 639 816 707 pastoribus
827 639 952 692 umbram

205 724 356 793 Sufficiunt,
372 743 535 794 saepemque
549 725 615 778 satis
628 730 657 778 et
669 725 769 793 pabula
781 725 863 779 melli.

205 813 239 872 Et
252 813 329 866 iuvat
341 814 493 866 undantem
507 814 581 866 buxo
593 818 716 882 spectare
730 813 864 880 Cytorum

204 898 229 954 N
232 901 395 968 aryciaeque
407 901 476 968 picis
488 901 578 965 lucos;
599 901 676 953 iuvat
689 917 755 954 arva
768 900 863 954 videre

203 986 268 1040 Non
281 987 384 1054 restria,
400 987 544 1041 hominum
556 1004 613 1040 non
625 987 673 1040 ulli
687 987 807 1041 obnoxia
820 1005 909 1043 curae.

203 1073 283 1142 ipsae
296 1074 429 1128 Caucasio
442 1075 550 1128 steriles
562 1075 591 1126 in
605 1075 708 1128 vertice
722 1074 814 1143 silvae,

204 1161 278 1226 Quas
291 1162 406 1215 animosi
420 1161 486 1214 Euri
500 1163 614 1216 adsidue
625 1162 812 1230 franguntque
824 1164 981 1232 feruntque,

203 1248 279 1303 Dant
291 1250 359 1302 alios
372 1249 440 1302 aliae
453 1251 540 1304 fetus:
560 1250 628 1304 dant
640 1250 707 1304 utile
719 1249 824 1317 lignum

202 1335 329 1404 Navigiis
341 1337 429 1405 pinos,
444 1337 572 1390 domibus
585 1337 750 1405 cedrumque
763 1355 973 1406 cupressosque;

203 1422 275 1477 Hinc
288 1423 379 1476 radios
392 1423 494 1476 trivere
507 1425 584 1491 rotis,
599 1424 664 1478 hinc
676 1430 808 1492 tympana
820 1425 951 1494 plaustris

202 1510 358 1578 Agricolae,
374 1516 402 1564 et
414 1512 519 1580 pandas
532 1513 638 1565 ratibus
650 1528 768 1580 posuere
781 1513 895 1567 carinas.

203 1597 363 1650 Viminibus
376 1598 472 1651 salices
484 1599 627 1666 fecundae,
642 1599 788 1653 frondibus
800 1600 875 1670 ulmi,

202 1689 242 1739 At
255 1694 362 1754 myrtus
376 1685 474 1739 validis
487 1685 632 1739 hastilibus
644 1691 673 1740 et
685 1687 759 1740 bona
769 1687 842 1741 bello

203 1775 327 1843 Cornus3
348 1775 473 1829 ituraeos
485 1776 543 1828 taxi
556 1781 720 1844 torquentur
732 1778 761 1828 in
774 1793 862 1832 arcus.

202 1862 229 1915 N
231 1880 262 1916 ec
275 1863 350 1916 tiliae
364 1862 437 1916 leves
450 1871 498 1915 aut
511 1869 593 1915 torno
606 1863 687 1916 rasile
699 1863 803 1916 buxum

202 1951 266 2006 Non
278 1953 396 2008 formam
412 1955 552 2023 accipiunt
564 1955 692 2023 ferroque
705 1958 839 2008 cavantur
852 1959 942 2008 acuto.

202 2039 330 2094 Necnon
344 2047 372 2095 et
385 2047 537 2096 torrentem
551 2042 653 2096 undam
666 2041 734 2095 levis
746 2041 854 2096 innatat
866 2042 952 2108 alnus,

201 2126 285 2182 Missa
297 2129 387 2195 Pad03
407 2147 459 2184 uec
471 2147 527 2183 non
541 2135 569 2184 et
582 2146 647 2197 apes
659 2129 787 2182 examina
799 2127 924 2182 condunt

201 2213 413 2285 Corticibusque
425 2218 499 2271 cavis
511 2217 681 2286 vitiosaeque
693 2217 764 2270 ilicis
774 2216 860 2272 aives.

202 2303 274 2368 Quid
287 2305 497 2358 memorandum
510 2321 597 2373 aeque
608 2304 744 2358 Baccheia
756 2305 830 2358 dona
842 2303 983 2358 tulerunt?

201 2389 327 2444 Bacchus
339 2396 367 2444 et
380 2391 414 2445 ad
427 2391 535 2460 culpam
549 2408 643 2446 causas
656 2390 746 2445 dedit:
767 2391 813 2444 ille
826 2392 944 2444 furentis

202 2478 356 2532 Centauros
368 2479 424 2532 leto
437 2479 552 2542 domuit,
568 2478 761 2546 Rhoetumque
773 2478 946 2546 Pholumque

201 2566 237 2619 Et
249 2583 349 2633 magno
363 2565 498 2632 Hylaeum
511 2565 636 2633 Lapithis
649 2573 755 2620 cratere
767 2567 926 2619 minantem.

236 2653 429 2707 Ofortunatos
443 2653 565 2718 nimium,
580 2670 629 2706 sua
641 2654 662 2706 si
678 2654 749 2707 bona
762 2653 862 2719 norint,

202 2741 360 2808 Agricolas!
382 2741 480 2809 quibus
492 2741 559 2808 ipse,
574 2740 669 2809 procul
679 2740 854 2794 discordibus
867 2739 958 2806 armis,

202 2827 303 2881 Fundit
315 2829 401 2881 humo
414 2829 522 2882 facilem
536 2828 640 2881 victum
653 2828 801 2880 iustissima
813 2825 904 2880 tellus

200 2915 229 2966 Si
243 2932 298 2968 non
311 2915 452 2983 ingentem
465 2915 573 2968 foribus
585 2915 682 2968 domus
695 2915 751 2968 alta
763 2914 890 2982 superbis

200 3001 280 3055 Mane
294 3002 460 3056 salutantum
474 3002 541 3055 totis
553 3002 640 3055 vomit
654 3001 767 3055 aedibus
779 3001 890 3067 undam,

199 3088 225 3140 N
228 3107 258 3142 ec
272 3091 363 3143 varios
376 3090 483 3144 inhiant
497 3089 611 3157 pulchra
623 3089 761 3142 testudine
774 3091 869 3158 postis,

199 3176 358 3245 Inlusasque
371 3194 439 3230 auro
452 3183 549 3244 vestes,
563 3176 756 3245 Ephyreiaque
768 3193 840 3244 aera,

199 3263 272 3317 Alba
285 3281 373 3333 neque
385 3264 500 3330 Assyrio
512 3264 622 3318 tucatur
634 3264 698 3318 lanu
710 3280 825 3331 veneno,

198 3349 257 3404 Nec
271 3352 343 3404 casia
355 3351 451 3419 liquidi
465 3351 651 3418 corrumpitur
664 3368 728 3404 usus
741 3351 821 3404 olivi:

198 3439 238 3490 At
251 3454 346 3491 secura
358 3438 433 3506 quies
446 3441 474 3489 et
486 3437 578 3490 nescia
589 3438 686 3492 fallere
700 3439 764 3506 vita,

198 3525 281 3578 Dives
294 3542 377 3593 opum
390 3524 535 3589 variarum,
551 3530 578 3596 at
590 3524 653 3576 latis
667 3525 724 3578 otia
736 3526 835 3590 fundis,
