2706 3938
515 234 654 285 VERGILI
675 235 840 284 AENEIDOS
862 233 892 282 V.

195 398 246 453 Ille
259 399 308 452 sub
321 398 405 452 haec:
428 399 445 426 “
456 397 520 451 Non
532 397 621 450 laudis
633 414 717 466 amor,
731 414 782 450 nec
794 397 882 465 gloria
894 396 975 450 cessit

195 485 278 539 Pulsa
290 491 383 553 metu3
404 485 452 538 sed
465 485 536 538 enim
550 485 657 552 gelidus
668 483 796 538 tardante
809 487 921 536 senecta

196 572 312 641 Sanguis
325 573 415 640 hebet,
428 573 588 640 frigentque
601 571 700 626 effetae
713 573 742 624 in
755 587 870 639 corpore
890 571 969 624 vires.

195 658 224 712 Si
237 659 314 728 mihi,
329 676 398 728 quae
411 659 549 728 quondam
563 659 660 726 fuerat,
676 675 782 727 quaque
791 657 935 726 improbus
947 657 1000 710 iste

195 746 323 800 Exsultat
336 746 431 814 fidens,
446 747 468 798 si
481 761 554 799 nunc
567 746 642 798 foret
653 745 702 799 illa
714 747 847 812 iuventas,

195 832 277 886 Haud
290 833 415 901 equidem
429 833 520 901 pretio
533 833 662 885 inductus
674 833 845 901 pulchroque
857 833 976 884 iuvenco

195 920 356 988 Venissem;
378 937 428 974 nec
441 920 513 973 dona
526 920 646 973 nroror.’'
685 920 730 973 Sic
744 919 844 973 deinde
853 919 962 972 locutus

195 1007 229 1060 ln
242 1008 362 1062 medium
376 1009 501 1076 geminos
513 1008 626 1061 immani
639 1008 762 1075 pondere
776 1013 882 1060 caestus

195 1095 323 1163 Proiecit,
338 1095 436 1164 quibus
449 1111 512 1148 acer
524 1094 600 1161 Eryx
613 1095 640 1147 in
654 1094 760 1163 proelia
772 1102 866 1147 suetus

196 1183 279 1237 Ferre
293 1199 404 1237 manum
419 1183 543 1250 duroque
556 1182 699 1234 intendere
712 1181 844 1236 bracchia
856 1189 943 1248 tergo.

196 1269 361 1339 Obstipuere
374 1269 474 1324 animi:
495 1273 635 1322 tantorum
648 1269 772 1337 iugentia
791 1274 895 1337 septem

196 1358 284 1426 Terga
296 1359 379 1411 boum
393 1357 505 1426 plumbo
519 1357 611 1409 insuto
623 1357 754 1425 ferroque
767 1357 901 1424 rigebant.

196 1445 272 1498 Ante
285 1445 374 1497 omnis
387 1449 480 1512 stupet
491 1444 550 1512 ipse
563 1444 659 1512 Dares,
673 1444 809 1512 longeque
822 1449 944 1509 recusat3

195 1531 441 1599 Magnanimnsque
457 1531 638 1584 Anchisiades
652 1538 679 1584 et
691 1531 800 1600 pondus
813 1535 842 1583 et
852 1531 913 1598 ipsa

197 1617 259 1671 Huc
270 1618 336 1671 illuc
350 1617 500 1672 vinclorum
514 1619 647 1672 immensa
660 1618 800 1671 volumina
813 1623 911 1670 versat.

196 1705 263 1758 Tum
278 1705 369 1759 senior
381 1705 445 1759 talis
458 1706 597 1760 referebat
609 1711 721 1774 pectore
733 1723 832 1759 voces:

198 1793 215 1820 “
225 1791 304 1860 Quid,
320 1793 342 1844 si
357 1793 417 1861 quis
431 1798 538 1846 caestus
550 1793 635 1862 ipsius
647 1800 676 1846 et
688 1792 815 1846 Herculis
828 1808 904 1845 arma

196 1878 320 1934 Vidisset
333 1882 495 1950 tristemque
506 1880 561 1934 hoc
573 1880 633 1948 ipso
646 1880 672 1932 in
686 1880 768 1933 litore
779 1879 918 1948 pugnauit

197 1965 273 2020 Haec
285 1985 430 2036 germanus
442 1969 519 2035 Eryx
533 1967 671 2036 qnondam
684 1972 748 2020 tuus
761 1983 838 2020 arma
849 1965 964 2033 gerebat
973 1983 1018 2032 3-

197 2052 333 2122 Sanguine
346 2057 435 2110 cernis
449 2056 538 2111 adhuc
551 2071 699 2123 sparsoque
716 2054 821 2107 infecta
834 2052 1001 2119 cerebro,-

198 2139 248 2193 His
260 2159 390 2210 magnum
403 2143 521 2196 Alciden
534 2148 632 2196 contra
644 2142 738 2207 stetit;
759 2141 803 2193 his
815 2157 867 2207 ego
879 2144 981 2208 suetus,

197 2227 270 2280 Dum
283 2228 381 2282 melior
393 2229 460 2282 viris
472 2229 581 2296 sanguis
594 2229 686 2295 dabat,
701 2226 809 2280 aemula
820 2225 936 2280 necdum

197 2315 377 2384 Temporibus
390 2317 506 2384 geminis
519 2315 637 2368 canebat
650 2331 744 2382 sparsa
760 2319 894 2368 senectus.

197 2401 251 2456 Sed
265 2404 286 2456 si
299 2409 395 2457 nostra
407 2405 496 2458 Dares
509 2403 577 2456 haec
591 2402 690 2456 Troius
703 2419 779 2456 arma
791 2405 907 2467 recusat,

197 2489 283 2559 quue
296 2493 341 2560 pic
354 2493 431 2546 sedet
444 2492 564 2559 Aeneae,
583 2492 683 2559 probat
696 2495 793 2544 auctor
806 2489 929 2555 Acestes,

198 2577 355 2646 Aeqnemus
368 2595 481 2647 pugnas.
520 2578 619 2644 Erycis
632 2578 683 2630 tibi
697 2587 775 2645 terga
788 2577 901 2629 remitto

197 2662 316 2716 -Solve
329 2669 483 2717 metus—et
495 2669 526 2716 tu
539 2663 672 2716 Troianos
685 2679 755 2716 exue
768 2661 901 2715 caestus.'’

198 2748 274 2803 Haeo
285 2750 359 2804 fatus
372 2750 509 2820 duplicem
522 2767 557 2804 ex
570 2750 671 2803 umeris
684 2749 780 2803 reiecit
794 2747 934 2815 amictum,

197 2837 233 2890 Et
245 2855 360 2907 magnos
373 2839 559 2893 membrorum
573 2844 656 2905 artus,
671 2854 773 2907 magna
785 2853 847 2890 ossa
859 2836 1031 2904 lacertosque

198 2924 291 2993 Exuit,
306 2931 388 2994 atque
400 2927 497 2994 ingens
509 2927 600 2980 media
612 2926 738 2979 consistit
746 2925 860 2978 harena.

198 3011 265 3066 Tum
280 3019 354 3066 satus
367 3012 490 3068 Anchisa
502 3019 609 3067 caestus
621 3019 700 3082 pater
713 3012 812 3066 extulit
826 3027 934 3078 aequos,

111 3115 116 3126 ’
198 3099 234 3153 Et
245 3101 357 3169 paribus
370 3101 475 3172 palmas
487 3101 631 3154 amborum
643 3100 770 3154 innexuit
784 3100 876 3154 armis.

199 3186 332 3241 (lonstitit
344 3189 372 3240 in
386 3189 486 3256 digitos
499 3188 638 3256 extemplo
652 3191 774 3241 arrectus
787 3175 911 3254 uterque,

198 3273 386 3344 Bracchiaque
399 3277 433 3329 ad
447 3293 560 3344 superas
572 3275 715 3328 interritus
728 3274 829 3327 extulit
842 3289 929 3327 auras.

200 3361 349 3415 Abduxere
363 3368 437 3415 retro
451 3363 532 3430 longe
545 3363 636 3430 capita
648 3362 734 3415 ardua
747 3362 781 3414 ab
794 3361 859 3429 ictu,

200 3447 414 3517 Immiscentque
427 3466 524 3502 manus
536 3449 669 3515 manibus,
684 3464 859 3516 pugnamque
871 3447 1023 3514 lacessunt3

200 3533 250 3586 llle
262 3533 361 3601 pedum
377 3534 473 3587 melior
486 3540 571 3600 motu,
587 3535 729 3602 fretusque
742 3535 863 3601 inventa,
