2656 3940
416 243 555 293 VERGILI
577 244 741 294 taurinos
763 245 806 294 XI.

103 405 295 474 Tyrrhenique
308 404 401 472 duces,
416 405 590 472 Tyrrhenum
603 406 740 460 exercitus
752 408 850 462 omnis.

106 492 205 560 Magna
217 498 330 560 tropaea
342 491 442 558 serunt,
457 509 526 560 qnos
538 492 586 546 dat
599 499 648 546 tua
660 493 775 548 dextera
786 494 860 560 leto;
952 517 957 528 ·

102 579 143 632 Tu
157 595 266 647 quoqne
279 594 352 631 nunc
366 586 453 632 stares
465 579 593 632 immanis
605 584 721 633 truncus
733 581 762 632 in
775 581 867 649 armis,

102 666 184 720 Esset
197 682 248 734 par
260 670 342 733 aetas,
357 671 386 717 et
398 665 470 718 idern
484 666 507 718 si
519 667 605 720 robur
618 666 654 720 ab
665 667 752 735 aunis,

102 755 204 807 Turne.
241 752 295 806 Sed
307 752 406 806 infelix
419 753 537 806 'l'eucros
550 753 616 822 quid
629 754 759 808 demoror
771 757 872 811 armis?

101 840 207 894 Vadite
220 839 328 894 ethaeo
343 856 477 893 memores
489 841 548 909 regi
561 841 692 896 mandate
705 844 823 898 referte:

102 928 186 995 Quod
200 928 284 980 vitam
298 943 391 980 moror
405 927 529 995 invisam,
543 927 670 982 Pallante
682 937 833 1000 perempto,

101 1017 228 1070 Dextera
240 1031 320 1068 causa
332 1025 381 1067 tua
394 1023 442 1081 est,
457 1015 579 1068 Turnum
591 1020 713 1082 natoque
726 1015 852 1084 patrique

102 1104 194 1169 Quam
208 1101 309 1155 debere
322 1101 406 1156 vides.
445 1101 552 1156 Meritis
565 1110 646 1159 vacat
659 1106 704 1160 hic
717 1107 768 1160 tibi
781 1107 854 1160 solus

101 1191 298 1256 Fortunaeque
309 1188 395 1242 locus.
433 1188 457 1242 N
461 1206 499 1242 on
512 1191 587 1245 vitae
599 1193 698 1259 gaudia
711 1211 828 1262 quaer03

101 1279 164 1332 Nec
176 1279 235 1344 faa3
255 1276 301 1329 sed
315 1283 400 1344 gnato
412 1275 501 1330 Manis
513 1279 638 1346 perferre
650 1281 702 1334 sub
713 1281 811 1334 irnos.'’

138 1367 250 1418 Aurora
261 1363 368 1416 interea
379 1363 487 1418 miseris
500 1367 663 1420 mortalibus
676 1367 775 1422 almam

101 1453 251 1508 Extulerat
262 1452 359 1520 lucem,
374 1455 495 1509 reserens
509 1473 594 1525 opera
607 1463 689 1525 atque
702 1457 825 1512 labores:

103 1542 171 1596 lam'
175 1547 255 1608 pater
268 1540 385 1608 Aeneas,
400 1541 453 1595 iarn
467 1559 551 1597 curvo
563 1545 592 1596 in
604 1543 686 1598 litore
699 1545 825 1598 Tarchon

103 1628 282 1683 Constituere
295 1645 385 1696 pyrae.
423 1629 485 1682 Huc
499 1647 616 1700 corpora
629 1632 743 1700 quisque
755 1649 866 1686 suorum

101 1719 181 1772 More
194 1718 283 1771 tulere
296 1723 420 1786 patrum3
441 1719 623 1788 subiectisque
636 1719 745 1788 ignibus
756 1720 824 1772 atris

102 1807 241 1861 (tonditur
254 1806 283 1857 in
296 1805 423 1860 tenebras
436 1806 520 1860 altum
535 1807 649 1875 caligine
663 1807 779 1860 eaelum.

101 1896 155 1949 Ter
167 1895 273 1948 circum
286 1909 422 1959 accensos,
437 1894 518 1947 cincti
531 1894 700 1957 fulgentibus
712 1895 803 1962 armis,
866 1929 869 1936 .

102 1984 258 2038 Decurrere
272 1999 366 2051 rogem
387 1987 431 2036 ter
442 1987 577 2036 maestum
587 1982 691 2035 funeris
703 1983 794 2050 ignem

101 2070 270 2124 Lustravere
285 2071 313 2122 iu
327 2069 410 2139 equis,
425 2068 597 2137 ululatusque
610 2084 657 2122 ore
670 2069 779 2123 dedere.

102 2158 248 2228 Spargitur
261 2164 289 2212 et
300 2157 382 2211 tellus
393 2156 520 2220 lacrimis,
535 2160 700 2224 sparguntur
713 2161 740 2209 et
752 2173 844 2222 arma;

101 2247 128 2300 It
141 2247 220 2300 eaelo
232 2246 390 2314 clamorque
403 2244 494 2298 virum
506 2243 672 2312 clangorque
685 2244 821 2298 tubarum.

103 2335 156 2388 Hic
169 2335 216 2388 alii
230 2333 317 2402 spolia
330 2333 425 2387 occisis
437 2332 552 2400 derepta
566 2330 671 2385 Latinis

103 2425 254 2480 (lonicinnt
268 2425 333 2494 igni,
348 2424 438 2493 galeas
452 2435 585 2488 ensesque
597 2418 713 2472 decoros

102 2512 248 2582 Frenaque
261 2513 448 2580 ferventisque
461 2517 554 2574 rotas3
575 2522 639 2575 pars
652 2522 767 2559 munera
780 2510 854 2574 nota,

102 2601 231 2671 Ipsorum
246 2601 348 2669 clipeos
360 2604 388 2654 et
401 2616 457 2653 nou
471 2596 564 2652 felicia
575 2587 658 2658 tela!

103 2688 192 2742 Multa
205 2689 290 2742 boum
304 2689 377 2742 eirea
389 2690 545 2741 mactantur
558 2699 677 2752 corpora
689 2681 782 2743 Morti,

103 2774 314 2842 Saetigerosque
327 2789 389 2826 sues
401 2767 547 2840 raptaeque
561 2785 596 2822 ex
610 2767 737 2820 omnibus
750 2766 823 2834 agris

104 2862 136 2915 Iu
149 2862 291 2916 flammam
303 2861 429 2929 iugulant
441 2857 569 2928 pecudes.
608 2855 676 2909 Tum
691 2855 772 2909 litore
784 2858 845 2906 toto

106 2949 239 3020 Ardentis
252 2953 377 3017 spectant
390 2947 486 3013 socios,
501 2951 675 3012 semustaque
689 2947 801 2996 servant

105 3037 199 3104 Busta,
215 3053 305 3105 neque
318 3035 398 3089 avelli
411 3042 533 3103 possunt,
547 3047 604 3085 nox
616 3031 711 3084 umida
723 3030 813 3083 donec

105 3124 224 3178 luvertit
236 3122 341 3177 eaelum
355 3121 441 3176 stellis
453 3119 613 3174 ardentibus
625 3125 728 3186 aptum.

139 3212 198 3266 Nee
212 3211 305 3264 minus
317 3215 346 3262 et
358 3209 450 3262 miseri
463 3208 572 3262 diversa
583 3207 612 3258 in
626 3212 703 3273 parte
717 3203 807 3257 Latini

104 3297 267 3352 Innumeras
279 3301 405 3348 struxere
417 3310 508 3362 pyras,
523 3303 551 3345 et
563 3306 680 3358 corpora
693 3289 794 3356 partim

104 3383 192 3438 Multa
205 3383 295 3436 virum
310 3389 401 3434 terrae
413 3379 560 3446 infodiunt,
575 3383 724 3444 avectaque
736 3375 836 3444 partim

104 3472 251 3526 Finitimos
265 3469 368 3523 tollunt
380 3468 409 3520 in
422 3485 510 3535 agros,
525 3466 640 3533 urbique
652 3463 814 3526 remittuut3

104 3560 212 3628 Cetera,
227 3557 417 3625 confusaeque
430 3557 567 3623 ingentem
580 3551 671 3606 caedis
684 3565 823 3617 acervum,
