2734 3936
491 212 629 264 VERGILI
653 213 840 264 GEORGICON
864 215 895 264 II.

186 370 252 423 Tum
263 371 332 426 levis
345 373 464 427 calamos
477 379 505 427 et
518 391 595 428 rasae
608 375 720 430 hastilia
733 377 826 445 virgae

184 457 384 528 Fraxineasquc
397 466 492 528 aptare
505 462 593 530 sudes,
608 463 755 531 furcasque
769 464 893 532 valentis,

184 544 300 598 Viribus
313 547 380 599 eniti
395 564 509 616 quarum
524 555 552 602 ot
565 554 743 603 contemnere
757 557 854 604 ventos

82 688 90 704 ‚
183 632 365 702 Msuesoant,
380 651 554 705 summasque
567 636 643 705 sequi
656 637 781 690 tabulata
795 655 844 702 per
858 639 956 693 ulmos.

219 719 261 772 Ac
274 720 340 774 dum
352 721 442 789 prima
454 723 533 776 novis
546 723 676 776 adolescit
689 724 832 776 frondibus
844 731 928 794 aetas,

182 809 356 864 Parcendum
368 811 482 875 teneris3
494 817 529 877 et,
544 810 610 863 dum
623 827 652 864 se
666 811 754 865 laetus
769 812 804 865 ad
817 829 898 867 auras

182 896 291 951 Palmes
304 897 367 966 agit,
382 897 451 951 laxis
464 913 624 966 perpurum
637 898 774 952 immissus
786 899 907 964 habenis,

183 985 246 1056 Ipsa
258 987 316 1040 acie
329 986 452 1039 nondum
466 987 546 1042 falcis
559 990 728 1059 temptanda,
744 991 792 1044 sed
807 991 885 1045 uncis

183 1075 344 1143 Oarpendae
357 1075 482 1128 manibus
494 1075 614 1145 frondes,
628 1077 754 1147 interque
767 1078 907 1146 legendae.

182 1162 250 1216 Inde
264 1163 309 1215 ubi
322 1162 376 1215 iam
390 1161 491 1216 validis
503 1163 645 1232 amplexae
659 1166 791 1234 stirpibus
805 1167 894 1220 ulmos

182 1250 316 1317 Exierint,
331 1257 398 1303 tuno
411 1250 515 1318 stringo
528 1267 628 1316 comas,
644 1259 710 1308 tunc
726 1253 857 1308 bracchia
869 1253 990 1307 tonde-

182 1338 258 1391 Ante
271 1337 452 1391 reformidant
465 1341 663 1394 ferrum—tum
679 1341 797 1410 denique
810 1341 880 1394 dura

181 1426 288 1480 Exerce
300 1427 423 1496 imperia,
439 1434 466 1482 et
480 1446 571 1483 ramos
583 1446 727 1498 compesce
740 1429 858 1484 fluentis.

218 1513 362 1567 Texendae
374 1531 469 1583 saepes
481 1517 563 1570 etiarn
577 1521 605 1570 et
619 1533 703 1586 pecus
717 1534 798 1571 omne
811 1517 969 1580 tenendum,

182 1599 333 1668 Praecipue
346 1600 411 1654 dum
425 1601 501 1655 frons
514 1610 610 1658 tenera
624 1604 837 1673 imprudensque
850 1603 975 1656 laborum
986 1621 993 1669 ;

182 1687 242 1756 Oui,
258 1706 339 1758 super
352 1692 480 1760 indignas
495 1691 599 1744 hiemes
613 1691 752 1760 solemque
765 1697 916 1758 potantem,

181 1777 327 1832 silvestres
341 1779 382 1831 uri
396 1778 508 1832 adsidue
521 1795 688 1847 capreaeque
702 1793 833 1846 sequaces

180 1865 321 1934 inludunt,
336 1871 487 1936 pascuntur
501 1882 567 1920 oves
580 1865 731 1934 avidaeque
742 1865 883 1920 iuvencae.

180 1951 295 2022 Frigora
308 1971 359 2008 nec
372 1959 479 2008 tantum
493 1971 561 2008 cana
574 1959 703 2009 concreta
714 1953 821 2022 pruina,

180 2044 240 2099 Aut
252 2046 342 2114 gravis
355 2043 517 2098 incumbens
529 2040 648 2108 scopulis
662 2039 804 2094 arentibus
818 2046 915 2108 aestas,

181 2133 320 2198 erantum
334 2132 374 2185 illi
388 2145 507 2184 nocuere
519 2144 623 2197 greges,
638 2127 754 2196 durique
767 2143 904 2180 venenum

179 2219 278 2274 Dentis
292 2226 319 2274 et
332 2219 460 2274 admorso
472 2217 580 2285 signata
591 2215 621 2268 in
634 2215 719 2283 stirpe
732 2215 853 2268 cicatrix.

180 2307 243 2361 Non
257 2309 338 2362 aliam
352 2309 388 2360 ob
401 2307 508 2375 culpam
521 2302 631 2358 Baccho
645 2318 726 2370 caper
740 2301 868 2354 omnibus
880 2303 935 2355 aris

181 2394 319 2464 (laeditur,
334 2400 362 2448 et
375 2400 483 2448 veteres
495 2393 592 2445 ineunt
604 2389 765 2458 proscaenia
777 2388 843 2454 ludi,

179 2481 359 2551 Praemiaque
372 2481 489 2550 ingeniis
501 2497 587 2548 pagos
599 2486 627 2532 et
641 2477 764 2545 compita
776 2477 879 2530 circum

180 2568 312 2623 Thesidae
324 2585 448 2638 posuere,
463 2573 545 2636 atque
557 2567 630 2620 inter
644 2564 743 2634 pocula
754 2564 820 2617 laeti

179 2656 309 2712 Mollibus
321 2660 350 2712 in
363 2661 449 2728 pratis
463 2665 559 2712 unctos
573 2657 678 2712 saluere
690 2671 739 2724 per
752 2658 836 2706 utres.

179 2743 307 2799 Necnon
321 2747 446 2814 Ausonii,
461 2746 542 2799 Troia
554 2762 622 2814 gens
635 2744 725 2799 missa.
740 2740 832 2794 coloni

179 2833 313 2887 Versibus
325 2833 472 2902 incomptis
484 2833 583 2886 ludunt
597 2832 709 2898 risuque
723 2828 822 2894 solute,

179 2920 289 2990 Oraque
302 2922 450 2976 corticibus
463 2926 575 2974 sumunt
587 2919 726 2973 horrenda
738 2917 849 2984 caratis,

178 3008 215 3062 Et
227 3016 262 3076 te,
278 3009 392 3076 Bacche,
408 3016 508 3063 vocant
520 3026 569 3077 per
583 3009 706 3062 carmina
718 3007 799 3073 laeti,
813 3005 919 3074 tibique

179 3096 280 3150 Oscilla
293 3115 327 3150 ox
340 3097 395 3150 alta
409 3095 580 3164 suspendunt
592 3094 687 3148 mollia
696 3095 772 3163 pinu.

179 3183 251 3236 Hinc
265 3184 353 3236 omnis
365 3184 441 3251 largo
455 3183 579 3252 pubescit
593 3182 752 3248 vinculata,

179 3270 359 3338 Gomplentur
372 3271 510 3339 vallesque
524 3287 607 3324 cavae
620 3269 759 3337 saltusque
772 3266 914 3336 profundi,

178 3357 214 3410 Et
227 3375 398 3427 quocumque
411 3359 479 3411 deus
492 3358 594 3410 circum
607 3363 690 3426 ceput
703 3357 760 3419 egit
771 3355 927 3408 honestum.

179 3445 252 3512 Ergo
266 3444 318 3497 rite
331 3461 409 3497 suum
423 3443 533 3497 Baccho
546 3443 667 3496 dicemus
679 3443 811 3495 bonorem

179 3530 353 3584 Carminibus
366 3530 463 3597 patriis
475 3529 620 3595 lancesque
633 3535 662 3582 et
674 3528 729 3582 liba
742 3529 869 3593 feremus,
