2656 3940
392 231 527 281 valeam
551 231 715 282 AENEIDOS
739 232 782 284 IX.

121 395 225 465 Iamque
238 393 328 450 omnis
341 395 445 464 campis
457 394 594 448 exercitus
606 394 665 448 ibat
678 395 789 464 apertis,

90 480 166 536 Dives
176 499 284 552 equum,
299 483 376 535 dives
389 481 472 550 pictai
484 482 569 534 vestis
582 493 611 535 et
623 482 696 549 auri3

90 569 220 638 Messapus
232 571 333 639 primas
347 570 424 636 acies,
437 573 579 637 postrema
591 574 720 622 coercent

90 655 229 723 Tyrrhidae
241 659 369 722 iuvenes,
390 656 480 710 medio
492 655 548 708 dux
562 656 671 724 agmine
683 655 805 725 Tumus3

90 743 219 812 [Vertitur
231 761 308 798 arma
319 749 423 810 tenens,
439 750 467 796 et
480 747 541 795 toto
556 743 657 796 vertice
671 759 754 812 supra
766 743 828 812 est].

91 830 141 884 011
152 837 255 900 septem
268 847 384 900 surgens
395 830 497 884 sedatis
510 830 637 884 amnibus
649 829 721 884 altus

90 916 136 972 Per
147 920 260 973 tacitum
274 919 393 986 Ganges,
409 921 458 971 aut
469 917 566 986 pingui
579 915 692 971 flumine
705 917 786 972 Nilus

90 1005 152 1058 (ium
164 1006 254 1060 refluit
266 1005 371 1074 campis
383 1013 411 1058 et
423 1004 477 1058 iam
491 1021 520 1058 se
533 1004 657 1058 condidit
670 1005 755 1058 alveo.

90 1093 136 1148 Hic
147 1095 263 1148 subitam
276 1093 356 1162 nigro
369 1091 515 1162 glomerari
530 1091 641 1160 pulvere
653 1093 756 1146 nubem

90 1180 254 1250 Prospiciunt
267 1180 374 1247 Teucri,
390 1195 421 1233 ac
434 1179 563 1232 tenebras
574 1178 716 1246 insurgere
729 1180 841 1249 campis

90 1266 188 1322 Primus
200 1268 234 1322 ab
247 1267 364 1322 adversa
378 1266 531 1320 conciamat
542 1265 615 1318 mole
629 1266 742 1320 Oaicus:

91 1355 174 1420 “Quis
185 1357 293 1425 globus,
308 1373 325 1408 o
338 1356 419 1423 cives,
433 1355 549 1423 caligine
563 1353 684 1408 volvitur
696 1356 774 1409 11111

90 1441 161 1497 Ferte
173 1444 219 1498 citi
232 1444 346 1511 ferrum,
362 1442 426 1497 date
438 1441 501 1509 tela,
516 1441 655 1496 ascendite
668 1458 769 1495 muros.

90 1529 173 1584 Hostis
185 1532 270 1600 adest,
286 1531 363 1587 heia!
375 1531 391 1558 ”
409 1530 520 1598 Ingenti
533 1531 653 1584 clamore
665 1547 715 1598 per
728 1531 818 1584 omnis

91 1616 209 1672 (ioudunt
222 1637 250 1673 se
264 1619 364 1674 Teucri
378 1625 478 1688 portas,
493 1624 521 1673 et
533 1620 643 1672 moenia
656 1619 804 1687 complent.

89 1704 203 1778 Namque
215 1709 256 1762 ita
268 1706 413 1761 discedens
425 1719 603 1775 praeceperat
616 1707 736 1774 optimus
748 1706 833 1760 armis

90 1795 202 1850 Aeneas:
223 1797 246 1850 si
260 1813 317 1865 qua
328 1796 436 1850 interea
447 1797 561 1850 11111111
572 1797 678 1863 fuisset,

90 1879 142 1936 Neu
154 1888 258 1938 struere
272 1883 408 1937 auderent
421 1885 515 1952 aciem,
528 1900 582 1938 neu
595 1884 708 1938 credere
721 1901 833 1953 campo;

90 1968 176 2024 Castra
187 1971 271 2025 modo
286 1977 314 2024 et
326 1975 404 2024 tutos
416 1977 559 2025 servarent
572 1990 670 2041 aggere
682 1989 784 2026 muros.

89 2059 160 2130 Ergo,
174 2065 224 2119 etsi
238 2064 369 2118 conferre
381 2079 494 2118 manum
507 2063 596 2132 pudor
608 2064 703 2132 iraque
717 2066 860 2130 monstrat,

90 2149 207 2208 Obiciunt
219 2161 318 2226 portas
330 2163 425 2209 tamen
439 2161 466 2209 11
478 2163 626 2224 praecepta
637 2154 784 2219 facessunt,

90 2237 238 2312 Armatique
252 2244 330 2298 cavis
342 2247 504 2309 exspectant
515 2241 639 2295 turribus
650 2241 769 2295 hostem.

90 2323 190 2396 Turnus,
207 2337 237 2384 ut
249 2337 316 2385 ante
329 2329 425 2384 voians
437 2330 546 2383 tardum
560 2335 747 2398 praecesserat
760 2345 867 2398 aginesi,

90 2410 186 2482 Viginti
198 2417 279 2472 lectis
291 2419 416 2487 equitum
434 2418 590 2487 comitatus,
605 2423 634 2471 et
645 2417 707 2472 urbi

90 2497 244 2570 Improvisus
256 2506 354 2572 adest,
375 2505 491 2560 maculis
504 2521 584 2573 quem
598 2505 728 2558 Thracius
741 2503 809 2559 albis

90 2584 175 2644 Portet
187 2609 279 2662 equus,
296 2592 434 2661 cristaque
448 2592 518 2661 tegit
531 2591 608 2661 galea
620 2609 703 2647 aurea
716 2593 806 2645 rubra.

92 2674 205 2748 “Ecquis
217 2681 278 2749 erit,
295 2696 413 2748 mecum,
429 2679 551 2747 iuvenes,
568 2679 612 2747 qui
625 2680 730 2747 primus
742 2679 770 2731 iu
785 2677 946 2732 hostem-i

89 2759 148 2814 E11”
160 2766 204 2833 ait,
219 2773 247 2821 et
260 2765 384 2821 iaculum
398 2772 560 2835 attorquens
573 2767 675 2819 emittit
688 2765 716 2818 iu
730 2783 817 2830 auras,

90 2846 244 2922 Principium
258 2869 379 2923 pugnae,
394 2859 422 2906 11
432 2870 529 2921 campo
542 2869 601 2906 sese
614 2853 714 2906 arduus
726 2853 818 2906 infert.

91 2935 203 2994 Clamore
216 2942 361 3010 excipiunt
375 2940 449 3003 socii,
463 2941 631 3009 fremituque
645 2946 797 3008 sequuntur

92 3021 245 3097 Horrisouo;
268 3029 406 3083 Teucrum
421 3028 557 3082 mirantur
569 3028 668 3081 inertia
681 3028 779 3094 corda,

91 3107 146 3166 Non
157 3132 242 3185 aequo
255 3117 325 3171 dare
338 3133 367 3170 se
380 3132 485 3184 campo,
498 3131 556 3168 non
569 3115 652 3168 obvia
662 3116 737 3168 ferre

92 3196 167 3255 Arma
179 3204 260 3270 viros,
275 3203 326 3258 sed
339 3210 432 3257 castra
443 3203 545 3257 fovere.
583 3201 644 3256 Huc
657 3202 782 3256 turbidus
795 3208 876 3272 atque
889 3201 944 3257 huc

91 3281 189 3343 Lustrat
201 3307 272 3360 equo
285 3307 388 3359 muros,
403 3289 563 3358 aditumque
575 3306 625 3358 per
638 3289 699 3343 avia
712 3291 826 3358 quaerit.

92 3371 127 3424 Ac
139 3376 218 3430 veluti
230 3378 316 3447 pleno
329 3377 411 3445 lopus
423 3377 566 3430 insidiatus
579 3377 644 3430 ovili

92 3457 152 3514 Gum
163 3463 254 3518 fremit
267 3465 304 3520 ad
317 3464 418 3531 caulas,
433 3470 531 3518 ventos
543 3481 688 3533 perpessus
701 3467 729 3517 et
745 3462 849 3531 imbris,

93 3539 168 3602 Nocte
180 3567 261 3621 super
272 3551 457 3606 media-tuti
470 3553 520 3605 sub
535 3551 668 3606 matribus
681 3551 745 3620 agni
