2734 3936
490 231 626 281 VERGILI
650 231 839 281 euouulcou
862 231 894 280 Π.

182 397 277 451 Ρ111110
289 395 334 450 rel
347 394 474 449 autumni
488 394 539 447 sub
551 393 664 461 frigora,
680 409 742 446 eum
755 392 867 461 rapidus
880 391 925 446 Sol

180 484 314 539 Nondum
326 482 446 535 hiemem
461 481 598 549 eontingit
612 482 696 550 equis,
710 480 765 533 iam
781 481 912 548 praeterit
926 485 1023 534 nestas.

180 570 241 626 Ver
254 571 323 625 adeo
335 569 429 623 frondi
443 585 598 635 nemorum,
613 585 662 622 ver
676 567 742 621 utile
755 567 847 632 silvis,

182 659 260 712 Vere·
269 663 380 711 tument
392 661 482 710 terrae
495 660 523 710 et
535 655 666 724 genitalia
679 654 784 708 semine
796 660 921 722 poscunt.

181 745 251 799 Tum
264 749 343 814 puter
356 743 532 812 omnipotens
545 742 672 796 fecundis
685 742 819 794 imbribus
831 741 937 796 Aether

180 833 315 901 Coniugis
328 833 355 884 in
369 830 504 900 gremium
517 830 606 884 laetae
619 829 769 898 deseendit,
783 837 811 884 et
824 830 913 882 omnis

180 919 298 989 Magnus
311 919 361 972 alit
372 934 473 986 magno
488 917 653 970 commixtus
667 932 783 986 corpore
796 917 873 970 letus.

180 1009 255 1062 Avia
268 1012 327 1060 tum
340 1011 472 1059 resonant
485 1005 582 1058 avibus
593 1003 712 1072 virgulta
724 1005 839 1072 canoris,

180 1096 218 1148 Et
231 1094 372 1148 Venerem
387 1093 469 1147 eertis
482 1099 612 1160 repetunt
624 1098 749 1146 armenta
760 1091 873 1156 diebus3

180 1181 307 1236 Parturit
321 1181 408 1234 almus
421 1196 492 1248 ager,
508 1178 682 1248 Zephyrique
696 1180 853 1248 tepentibus
865 1180 938 1233 auris

180 1271 290 1324 Laxant
304 1284 370 1322 arva
382 1268 475 1333 sinus3
496 1275 607 1334 superat
619 1270 699 1320 tener
711 1266 839 1320 omnibus
851 1283 946 1334 umor3

180 1358 270 1426 Inque
282 1372 371 1409 novos
385 1354 456 1408 soles
469 1355 570 1408 audent
583 1370 611 1408 se
623 1355 748 1421 germina
761 1360 823 1407 tuto

180 1444 320 1508 Credere,
341 1458 393 1495 nee
405 1441 504 1495 metuit
517 1442 653 1510 surgentis
665 1441 812 1510 pampinus
824 1445 932 1494 austros

180 1534 242 1586 Aut
255 1535 348 1584 aetum
363 1529 439 1583 eaelo
451 1529 560 1597 maguis
572 1527 745 1597 aquilonibus
757 1528 883 1596 imbrem,

180 1620 237 1674 Sed
250 1618 337 1672 trudit
350 1633 472 1686 gemmas
485 1623 514 1671 et
526 1617 640 1671 frondes
653 1617 773 1686 explieat
786 1617 883 1670 omnis.

180 1707 248 1762 Non
263 1706 332 1761 alios
345 1708 435 1777 prima
447 1707 594 1760 oresoentis
607 1705 712 1774 origine
725 1704 820 1758 mundi

180 1796 318 1850 Inluxisse
330 1796 388 1850 dies
401 1796 520 1851 aliumve
533 1796 661 1850 habuisse
673 1800 797 1850 tenorem

181 1883 371 1938 Crediderim:
392 1901 441 1938 ver
454 1883 522 1937 illud
535 1889 603 1951 erat,
618 1899 667 1936 ver
680 1899 795 1952 mugnus
808 1883 905 1950 agebat

181 1971 274 2040 Orbis,
289 1976 317 2025 et
330 1971 451 2026 hibernis
463 1971 613 2040 paroebant
625 1970 736 2025 flatibus
748 1971 824 2036 Euri,

182 2061 253 2114 (lum
266 2061 373 2130 primae
384 2061 473 2115 lueem
487 2059 606 2129 pecudes
617 2059 742 2127 hausere,
758 2059 902 2126 virumque

181 2147 285 2202 Terrea
299 2149 444 2218 progenies
456 2147 532 2200 duris
545 2154 628 2214 eaput
640 2147 740 2200 extulit
753 2147 833 2212 arvia,

182 2235 378 2305 immissaeque
391 2237 468 2290 ferae
480 2236 555 2289 silvis
569 2241 596 2290 et
609 2236 698 2290 sidere
711 2237 795 2290 00010.

182 2323 244 2378 Nea
256 2340 300 2377 res
311 2324 386 2378 huna
399 2330 511 2378 tenerae
525 2329 638 2392 possent
651 2323 774 2392 perferre
788 2323 917 2390 laborem,

182 2411 212 2464 Si
225 2427 282 2464 non
295 2416 374 2465 tanta
386 2411 462 2480 quies
474 2411 528 2464 iret
541 2411 680 2480 frigusque
693 2411 867 2480 caloremque

182 2499 268 2566 Inter,
284 2503 311 2551 et
325 2499 465 2567 exciperet
477 2498 544 2552 eaeli
557 2499 729 2565 indulgentia
740 2504 836 2552 terras.

219 2586 300 2651 Quod
314 2592 445 2655 superest,
461 2602 649 2654 quaecumque
662 2602 770 2654 premes
784 2586 903 2652 virgulta
915 2601 964 2653 per
977 2600 1064 2652 agros,

183 2675 287 2743 Sparge
299 2674 365 2727 fimo
378 2674 481 2744 pingui,
497 2687 525 2728 et
538 2673 625 2728 multa
636 2690 743 2727 memor
756 2674 850 2727 ooeule
863 2680 944 2740 terra,

183 2762 243 2815 Aut
255 2761 373 2830 lapidem
387 2762 520 2827 bibulum,
536 2767 583 2815 aut
596 2761 746 2830 squalentis
758 2761 851 2814 infode
864 2759 999 2814 conchas:

183 2849 261 2902 inter
273 2850 344 2902 euim
359 2850 487 2903 labentur
500 2866 595 2919 aquae,
610 2851 755 2918 tenuisque
769 2849 872 2903 subibit

183 2937 300 3005 Halitus,
316 2943 399 3006 atque
413 2938 520 2990 animos
531 2937 631 2990 tollent
643 2943 718 3001 sata3
738 2938 847 3005 iamque
859 2937 970 3004 reperti,

184 3024 238 3089 Qui
251 3042 318 3078 saxo
332 3041 414 3093 super
428 3030 509 3093 atque
523 3025 643 3094 ingentis
656 3025 778 3094 pondere
790 3030 876 3078 testae

183 3111 337 3180 Urgereut:
358 3112 413 3165 hoa
426 3112 530 3166 effusos
543 3113 684 3165 munimen
698 3111 731 3165 ad
744 3112 848 3178 imbrisr,

184 3195 244 3252 Hoo
257 3199 305 3252 ubi
317 3199 410 3252 hiuloa
422 3199 467 3252 siti
483 3198 564 3252 findit
578 3199 661 3252 Oanis
676 3199 787 3252 aestifer
800 3216 873 3253 arva.

218 3285 375 3340 Seminibus
388 3285 493 3354 positis,
508 3291 632 3353 superest
645 3284 774 3338 diducere
787 3291 890 3338 terram

136 3360 138 3364 ’
183 3373 297 3442 Saepius
310 3373 344 3426 ad
357 3372 458 3440 capita,
473 3377 501 3425 et
513 3372 597 3425 duros
609 3372 711 3425 iactare
724 3372 853 3438 bidentis,

183 3460 241 3513 Aut
253 3476 349 3529 presso
362 3475 492 3513 exeruere
506 3459 591 3512 solum
606 3459 655 3510 sub
669 3475 788 3522 vomere,
805 3463 834 3512 01
846 3460 905 3526 ipsu

183 3546 307 3601 Flectere
319 3546 452 3598 luctantis
465 3546 538 3598 inter
553 3546 645 3598 vineta
657 3546 806 3606 iuvencos:
