2656 3940
502 203 646 267 mamm·
662 217 826 265 nauarnos
850 216 920 265 vm.

201 379 311 446 Pallida,
326 379 368 432 dis
380 379 477 446 invisa,
493 395 627 448 superque
640 378 760 431 immane
774 377 934 431 barathrum

199 467 342 534 Oernatur,
359 467 549 535 trepidentque
562 466 684 519 immisso
696 465 801 518 lumine
814 464 916 518 Manes.

198 553 272 623 Ergo
284 555 424 622 insperata
436 556 603 622 deprensum
618 553 645 605 in
658 553 720 606 luce
733 557 848 621 repente

198 641 391 710 Inclusumque
404 657 472 694 eave
486 657 553 694 saxo
565 648 648 708 atque
660 640 769 693 insueta
781 638 925 692 rudentem

198 727 323 797 Desuper
335 727 450 780 Alcides
463 727 526 780 telis
539 727 648 796 premit,
664 727 810 794 omniaque
822 742 899 779 arma

198 815 334 879 Advocat,
349 821 378 868 et
391 815 473 869 ramis
486 814 626 882 vestisque
638 813 791 867 molaribus
804 813 897 866 instat.

197 901 248 954 ssle
261 906 478 969 autem-neque
491 901 563 954 enim
577 900 643 968 fuga
654 901 708 954 iam
724 917 806 969 super
818 900 875 954 ulla
885 901 1019 969 pericli-

197 989 333 1043 Feucibus
345 989 484 1057 ingentem
497 988 610 1056 tunium,
626 987 751 1042 mirabile
762 988 845 1054 dictu,

197 1075 311 1129 Evomit
322 1074 495 1144 involvitque
508 1075 619 1128 domum
634 1076 750 1144 caligine
762 1092 852 1143 caeca,

197 1164 377 1233 Prospectum
392 1163 511 1232 eripiens
524 1162 617 1230 oeulis,
632 1163 820 1232 glomeratque
833 1163 883 1216 sub
896 1167 977 1218 antro

197 1251 365 1304 Fumiseram
378 1255 489 1303 noctem
504 1249 660 1303 commixtis
673 1250 737 1319 igne
750 1250 879 1304 tenebris.

197 1337 263 1392 Non
276 1338 339 1391 tulit
352 1337 464 1390 Alcides
477 1336 582 1404 animis,
597 1353 680 1406 seque
693 1337 751 1405 ipse
764 1337 919 1406 perignem

197 1424 346 1494 Praecipiti
359 1426 424 1478 iecit
436 1423 516 1491 saltu,
531 1439 585 1493 qna
596 1424 731 1492 plurimus
744 1425 845 1478 undam

197 1514 300 1565 Fumus
313 1513 370 1580 agit
383 1511 536 1581 nebulaque
547 1512 645 1580 ingens
657 1528 754 1580 specus
767 1517 874 1566 aestuat
886 1519 955 1567 atra.

198 1600 252 1653 Hic
265 1599 367 1653 Oscum
380 1600 409 1652 in
422 1600 544 1654 tenebris
556 1599 686 1653 incendia
697 1615 769 1653 vana
781 1606 939 1653 vomentem

198 1690 320 1761 Corripit
332 1692 361 1745 in
374 1691 476 1745 nodum
492 1691 657 1760 complexus,
674 1697 702 1744 et
715 1692 792 1759 augit
804 1689 950 1743 inhaerens

196 1777 286 1832 Elisos
298 1779 394 1833 oculos
407 1783 435 1832 et
448 1778 551 1832 siccum
565 1779 697 1847 sanguine
711 1783 815 1846 guttur.

196 1865 331 1920 Panditur
344 1867 484 1935 extemplo
498 1866 606 1920 foribus
619 1866 720 1918 domus
734 1870 793 1919 atra
805 1864 930 1931 revulsis,

197 1954 416 2022 Abstraotaeque
428 1955 512 2008 boves
526 1954 720 2022 abiurataeque
733 1953 845 2022 rapinae

197 2041 280 2095 Ocelo
294 2042 484 2104 ostenduntur,
500 2041 669 2110 pedibusque
682 2041 799 2094 informe
813 2040 930 2094 cadaver

197 2130 381 2186 Protrahitur.
420 2130 568 2201 Nequeunt
581 2131 685 2200 expleri
698 2131 782 2185 corda
793 2129 897 2183 tuendo

197 2215 338 2271 Terribilis
351 2219 453 2288 oeulos,
467 2219 573 2272 voltum
587 2218 738 2287 villosaque
751 2218 833 2272 saetis

196 2302 315 2358 Pectora
327 2305 449 2359 semiferi
463 2311 545 2374 atque
558 2305 709 2359 exstinctos
721 2305 847 2359 faucibus
859 2303 939 2373 ignis.

196 2389 238 2443 Ex
251 2391 298 2445 illo
311 2392 464 2446 celebratus
476 2392 574 2459 honos,
590 2392 709 2460 laetique
721 2393 842 2445 minores

196 2479 349 2533 Servavere
361 2479 443 2547 diem,
456 2479 615 2548 primusque
627 2478 748 2532 Potitius
761 2474 857 2532 auctor

196 2565 233 2618 Et
244 2566 342 2619 domus
354 2566 486 2619 Herculei
499 2571 592 2620 custos
604 2565 715 2620 Pinaria
728 2567 798 2620 sacri

198 2653 275 2707 Hauc
288 2670 363 2707 aram
377 2653 440 2706 luco
453 2654 557 2720 statuit,
570 2669 640 2721 quae
652 2651 774 2706 Maxima
786 2669 893 2723 semper

196 2739 311 2794 Dicetur
323 2739 411 2806 nobis,
426 2744 454 2792 et
467 2740 521 2793 erit
534 2757 603 2808 quae
616 2739 738 2793 maxima
750 2757 865 2808 semper.

196 2828 287 2893 Quare
301 2828 381 2895 agite,
397 2844 413 2879 0
425 2827 546 2894 iuvenes,
561 2831 701 2880 tantarum
713 2828 743 2880 in
755 2844 867 2881 munere
879 2826 992 2880 laudum

196 2914 306 2983 (lingite
318 2913 415 2967 fronde
428 2930 521 2967 comas
534 2919 562 2967 et
574 2913 673 2983 pocula
684 2915 792 2983 porgite
805 2915 911 2968 dextris

197 3002 431 3069 Communemque
445 3006 542 3054 vocate
555 3000 637 3053 deum
651 3006 679 3054 et
692 3001 756 3055 date
769 3003 835 3055 vina
846 3001 1001 3055 volentes.”

134 3091 136 3096 '
196 3088 319 3154 Dixerat,
336 3087 470 3141 Herculea
483 3087 587 3141 bicolor
600 3104 662 3140 cum
675 3089 793 3157 populus
805 3089 903 3142 umbra

196 3174 363 3242 Velavitque
376 3190 469 3226 comes
480 3173 609 3241 foliisque
622 3173 725 3228 innexa
738 3175 875 3244 pependit,

197 3261 231 3312 Et
243 3276 320 3312 sacer
332 3260 457 3327 implevit
470 3259 595 3313 dextram
609 3260 735 3329 scyphus,
774 3263 858 3315 Ocius
871 3277 967 3315 omues

196 3348 227 3399 In
242 3362 364 3398 mensam
374 3345 439 3399 laeti
452 3346 540 3400 libant
553 3347 686 3415 divosque
699 3354 855 3416 precantur.

232 3433 346 3486 Devexo
358 3433 464 3486 interea
476 3433 589 3500 propior
602 3433 632 3487 fit
646 3433 753 3502 Vesper
766 3435 894 3503 Olympo.

196 3519 309 3586 Iamque
322 3518 476 3570 sacerdotes
488 3519 647 3588 primusque
660 3509 779 3574 Potitius
791 3522 878 3588 ibant,
