2656 3940
406 235 546 286 vanum
568 236 733 286 annnlnos
755 236 799 285 IX.

103 399 254 468 Opposucre
267 401 467 464 aciem-nam
481 399 596 452 dextere
609 397 729 465 cingitur·
742 398 851 452 amni-

102 485 271 556 lngentisque
282 493 381 542 tenent
392 486 488 554 fossae,
502 491 531 539 et
543 485 667 538 turribus
679 484 743 538 altis

102 573 176 628 Stant
189 576 285 628 maesti
296 594 303 642 3
324 573 405 628 simul
418 591 467 628 ors
479 573 570 626 virum
584 571 708 640 praelixa
720 572 876 642 movebant,

101 658 170 713 Note
181 662 264 714 nimis
276 661 383 714 miseris
395 667 510 729 atroque
523 657 637 713 fluentia
649 659 723 713 tabo.

131 747 239 802 Interea
251 747 379 816 pavidam
393 747 510 801 volitans
523 753 644 816 pennata
656 762 705 813 per
717 746 815 800 urbem

101 833 201 888 Nuntia
211 835 298 889 Fama
310 836 373 902 ruit,
389 835 537 903 matrisque
550 833 689 888 adlabitur
702 832 775 887 auris

101 920 214 989 Euryali.
252 923 294 975 At
307 923 412 975 subitus
424 922 539 975 miserae
552 920 627 974 calor
639 935 701 973 ossa
714 920 838 989 reliquit;

100 1005 207 1062 Excussi
220 1010 348 1064 manibus
361 1008 437 1076 radii,
452 1008 630 1076 revolutaque
642 1023 736 1076 pensa.

100 1093 193 1150 Evolat
205 1096 314 1164 infelix,
329 1102 358 1149 et
370 1096 489 1150 femineo
501 1095 616 1164 ululatu,

101 1182 183 1237 Scissa
194 1200 311 1250 comam,
326 1200 419 1236 muros
431 1198 524 1238 amens
537 1188 619 1252 atque
632 1185 742 1253 agmins
755 1201 837 1239 eursu

101 1268 188 1324 Prima
199 1272 281 1340 petit,
295 1286 353 1323 non
365 1270 411 1324 illa
427 1271 522 1339 virum,
537 1287 594 1324 non
605 1271 652 1326 illa
666 1272 761 1340 pericli

101 1357 276 1427 Telorumque
291 1374 397 1412 memor
406 1349 418 1426 ;Ι
435 1359 541 1412 eaelum
553 1358 655 1412 dehinc
668 1360 810 1428 questibus
823 1360 934 1429 implet:

102 1446 117 1472 “
127 1446 203 1500 Hunc
216 1464 269 1516 ego
282 1454 318 1515 te,
333 1445 461 1514 Euryale,
475 1448 597 1516 aspiciet
616 1454 684 1502 tune
696 1448 743 1502 ille
756 1455 883 1503 senectae

102 1533 162 1587 Sera
173 1551 250 1588 meae
268 1534 383 1602 requies,
399 1535 513 1602 potuisti
526 1535 650 1604 linquere
664 1536 759 1602 volam,

102 1619 235 1675 Crudelis?
256 1627 356 1688 necte,
372 1621 422 1674 sub
435 1626 513 1675 tanta
527 1622 650 1690 pericula
661 1623 783 1690 missum,

101 1707 192 1761 Adfari
204 1713 364 1762 extremum
378 1708 492 1762 miserae
505 1709 571 1764 data
584 1711 664 1779 copia
675 1711 773 1764 metrii

102 1793 164 1861 Heu,
178 1801 252 1850 terra
264 1795 363 1863 ignota
375 1795 488 1849 canibus
500 1796 564 1850 dete
576 1798 680 1866 praeda
692 1797 798 1852 Latinis

102 1886 271 1957 Alitibusque
288 1886 374 1939 iacesl
395 1902 446 1940 nec
459 1890 495 1954 te,
509 1894 559 1940 tua
570 1888 669 1941 funera
683 1893 772 1942 mater

101 1971 222 2044 Produxi,
237 1974 363 2044 pressive
375 1973 477 2041 oculos,
492 1979 540 2026 aut
551 1973 667 2028 volnera
679 1974 742 2042 lavi,

102 2065 179 2124 Veste
191 2075 300 2139 tegens,
315 2067 367 2121 tibi
380 2084 461 2136 quam
474 2072 571 2122 noctes
583 2068 685 2122 festina
697 2067 809 2136 diesque

101 2154 230 2225 Urgebam
244 2164 273 2211 et
287 2154 345 2210 tela
357 2171 436 2209 curas
448 2155 556 2209 solabar
569 2155 655 2208 anilis.

103 2241 158 2307 Quo
170 2244 285 2314 sequarl
306 2248 355 2297 aut
369 2259 437 2310 quae
450 2259 524 2296 nunc
537 2248 613 2296 artus
626 2242 773 2310 avulsaque
785 2240 910 2294 membra

102 2328 134 2382 Et
145 2333 226 2386 funus
238 2333 363 2386 lacerum
376 2329 456 2382 tellus
468 2328 569 2383 habeti
606 2329 667 2383 Hoc
680 2329 747 2382 mihi
760 2327 794 2381 de
807 2333 842 2396 te,

103 2414 175 2483 Nate,
193 2419 301 2474 refers?
322 2417 375 2470 hoe
388 2433 446 2470 snm
460 2421 589 2485 terraque
601 2417 726 2485 marique
738 2414 850 2470 secutal

103 2506 182 2577 Figite
194 2529 246 2581 me,
263 2513 285 2565 si
300 2529 355 2581 qua
368 2517 409 2566 est
421 2512 516 2582 pietas,
525 2511 560 2564 ,iu
574 2528 617 2564 rue
630 2512 723 2565 omnia
735 2512 790 2565 tela

103 2594 225 2664 Conicite,
241 2617 258 2653 o
271 2599 379 2659 Rutuli.
394 2617 438 2654 me
449 2601 565 2669 primam
577 2599 712 2653 absumite
724 2600 815 2666 terro,

102 2681 156 2736 Aut
166 2690 204 2754 tu,
218 2703 322 2756 magne
335 2693 413 2756 pater
426 2687 526 2756 divom,
541 2687 680 2754 miserere,
694 2695 797 2756 tuoque

103 2767 214 2826 Invisum
228 2774 284 2828 boc
298 2774 417 2828 detrude
430 2780 513 2844 caput
526 2776 577 2829 sub
589 2761 704 2828 Tartara
714 2775 779 2841 telo,

104 2856 212 2922 Quando
225 2861 308 2916 aliter
322 2878 430 2930 nequeo
444 2861 582 2916 crudelem
596 2862 759 2930 abrumpere
772 2860 885 2915 vitam.”

103 2941 157 2999 Hoc
169 2946 234 3001 fletu
247 2950 375 3002 concussi
390 2949 482 3016 animi,
495 2955 672 3018 maestusque
684 2965 734 3017 per
746 2949 834 3002 omnis

21 3021 23 3028 ⁴
104 3028 126 3083 lt
137 3035 265 3100 gemitus;
287 3040 403 3105 torpent
415 3034 550 3090 infractae
563 3035 599 3089 ad
610 3036 716 3104 proelia
727 3036 809 3090 vires.

104 3115 173 3172 lllsrn
186 3122 382 3176 incendentem
396 3121 485 3175 luctus
498 3121 596 3176 Idaeus
608 3129 636 3176 et
649 3125 739 3176 Actor

105 3201 191 3261 llionei
204 3209 313 3263 monitu
327 3214 356 3262 et
369 3209 486 3262 multum
498 3209 669 3263 lacrimantis
682 3208 734 3262 Iuli

105 3290 264 3364 Gorsipiunt,
280 3297 409 3366 interque
423 3313 521 3351 manus
534 3297 584 3350 sub
598 3303 672 3351 tecta
685 3302 832 3366 reponunt.

135 3379 172 3434 At
182 3385 247 3438 tuba
260 3384 415 3437 terribilem
430 3384 549 3436 sonitum
564 3383 660 3452 procul
674 3400 737 3437 aere
750 3401 852 3437 canoro

106 3462 251 3538 lncrepuit;
273 3472 399 3540 sequitur
412 3471 525 3536 clamor,
540 3471 700 3538 caelumque
714 3471 840 3539 remugit.

107 3552 261 3611 Accelerant
274 3564 337 3611 actu
348 3557 454 3626 pariter
466 3557 605 3611 testudine
618 3555 724 3623 Volsci,
