2730 3936
498 219 636 269 vanam
659 217 848 270 eucnemon
859 283 861 290 Ι
872 220 918 269 ΙΙΙ.

197 385 308 452 Pabula,
322 401 374 437 nec
386 388 447 438 tota
459 382 568 436 claudes
581 382 692 435 faenilia
705 383 810 436 bruma.

197 474 236 526 At
249 489 316 525 vero
328 470 461 540 Zephyris
474 487 534 523 cum
549 468 622 522 laeta
636 469 797 523 vocantibus
810 475 899 523 aestas

195 561 228 613 In
242 558 327 613 saltus
338 564 485 625 utrumque
498 573 609 624 gregem
623 562 705 624 atque
718 557 747 609 in
759 573 861 625 pascua
871 558 972 627 mittet,

195 647 315 700 Luciferi
328 646 419 714 primo
433 662 494 698 cum
509 644 597 696 sidere
608 643 709 711 frigida
720 660 786 697 rura

197 734 354 802 carpamus,
369 732 435 784 dum
447 747 529 784 mane
542 747 653 795 novum,
668 731 734 783 dum
747 731 872 799 gramina
884 733 990 797 canent,

196 821 232 874 Et
245 837 290 873 ros
301 820 331 872 in
343 824 439 872 tenera
451 817 546 887 pecori
559 818 731 886 gratissimus
743 817 837 872 herba

196 907 272 975 inde,
286 907 334 960 uhi
347 910 446 975 quarta
458 906 532 959 sitim
546 903 614 958 caeli
627 905 778 972 conlegerit
790 906 859 959 hora

196 995 233 1048 Et
246 1000 329 1048 cantu
343 992 471 1062 querulae
484 997 613 1061 rumpent
627 992 737 1045 arbusta
750 992 867 1060 cicadae,

197 1082 241 1135 Ad
255 1087 353 1151 puteos
366 1085 414 1135 aut
426 1081 483 1134 alta
495 1096 591 1149 greges
603 1079 638 1133 ad
650 1084 748 1148 stagna
759 1080 854 1133 iubeto
869 1087 873 1099 ’

197 1170 361 1224 Currentem
374 1169 466 1237 ilignis
478 1173 575 1237 potare
588 1167 730 1221 canalibus
742 1167 860 1235 undam3

197 1257 328 1311 Aestihus
340 1261 369 1310 at
381 1255 480 1308 mediis
492 1254 647 1308 umbrosam
661 1255 804 1322 exquirere
817 1255 924 1323 vallem,

197 1343 290 1397 Sicubi
302 1359 403 1411 magna
414 1342 489 1395 Iovis
502 1342 615 1410 antiquo
626 1342 726 1396 robore
739 1359 855 1410 quercus

197 1429 318 1497 Ingentis
329 1428 427 1482 tendat
438 1444 538 1495 ramos,
552 1433 600 1481 aut
613 1428 699 1481 sicubi
711 1428 820 1496 nigrum

197 1515 307 1569 Ilicibus
320 1515 424 1568 crebris
437 1531 513 1568 sacra
524 1531 622 1567 nemus
634 1516 750 1569 accubet
762 1516 876 1582 umbra3

197 1603 265 1656 Tum
278 1602 369 1655 tenuis
381 1602 448 1655 dare
460 1618 554 1654 rursus
567 1619 658 1671 aquas,
673 1608 702 1656 et
714 1620 826 1671 pascere
839 1619 934 1657 rursus

197 1689 268 1744 Solis
281 1690 315 1742 ad
327 1705 463 1756 occasum,
478 1705 539 1742 cum
552 1689 670 1757 frigidus
683 1697 747 1744 aera
759 1708 858 1760 vesper

196 1777 351 1845 Temperat,
366 1781 394 1829 et
406 1776 492 1829 saltus
505 1775 593 1829 reficit
604 1776 658 1830 iam
672 1778 781 1831 roscida
793 1778 866 1848 luna,

196 1865 346 1936 Litoraque
358 1867 502 1934 alcyonem
515 1871 651 1934 resonant,
667 1865 841 1919 acalanthida
852 1866 937 1920 dumi.

232 1953 303 2019 Quid
317 1954 369 2007 tibi
381 1959 506 2022 pastores
517 1953 627 2020 Libyae,
643 1952 708 2021 quid
720 1969 822 2021 pascua
834 1968 914 2006 versu

196 2039 351 2110 Prosequor
363 2046 391 2094 et
405 2041 474 2094 raris
486 2039 610 2094 habitata
622 2040 743 2110 mapalia
755 2039 852 2093 tectisi

196 2130 283 2202 Saepe
296 2133 368 2188 diem
382 2140 547 2204 noctemque
560 2141 588 2190 et
600 2139 691 2190 totum
705 2154 739 2192 ex
752 2136 848 2190 ordine
860 2150 984 2189 mensem

196 2220 321 2274 Pascitur
333 2222 409 2291 itque
422 2239 505 2291 pecus
516 2223 598 2292 longa
610 2225 639 2276 in
653 2223 761 2281 deserta
773 2224 832 2276 sine
844 2222 908 2276 ullis

196 2306 345 2376 Hospitiis:
366 2315 473 2363 tanturn
488 2293 576 2378 campi
589 2311 668 2365 iacet.
707 2311 808 2364 Omnia
821 2326 914 2363 secum

196 2395 389 2450 Armentarius
402 2397 474 2450 Afer
486 2398 551 2466 agit,
564 2403 724 2466 tectumque
736 2397 888 2466 Laremque

197 2481 336 2551 Armaque
349 2483 583 2552 Amyclaeumque
596 2501 690 2538 canem
705 2484 884 2552 Cressamque
897 2481 1071 2551 pharetram3

197 2567 261 2622 Non
275 2587 352 2624 secus
364 2586 396 2624 uc
408 2571 504 2638 patriis
517 2587 579 2624 acer
592 2571 732 2624 Romanus
744 2573 773 2623 in
787 2572 871 2624 armis

196 2654 302 2707 Iniusto
315 2655 364 2708 suh
378 2655 451 2708 fasce
462 2655 535 2708 viam
550 2672 610 2708 curn
624 2656 720 2724 carpit,
734 2662 763 2709 et
775 2656 848 2709 hosti

196 2742 273 2795 Ante
286 2747 472 2810 exspectatum
486 2743 582 2810 positis
595 2747 650 2796 stat
662 2742 690 2794 in
705 2743 813 2810 agmine
826 2743 930 2796 castris.

232 2830 348 2892 Athon,
363 2846 417 2898 qua
430 2829 558 2896 Scythiae
571 2835 667 2897 gentes
679 2829 852 2898 Maeotiaque
866 2829 946 2893 unda,

196 2917 331 2970 Turbidus
344 2922 371 2970 et
385 2922 517 2985 torquens
528 2917 655 2971 flaventis
668 2917 762 2970 Hister
773 2917 899 2986 harenas,

197 3003 311 3072 Quaque
324 3004 395 3057 redit
408 3004 527 3057 medium
541 3004 677 3073 Rhodope
689 3011 817 3073 porrecta
830 3006 880 3057 sub
893 3019 980 3057 axem.

196 3090 256 3144 Illic
269 3090 360 3144 clausa
373 3096 468 3144 tenent
482 3091 596 3145 stabulis
611 3097 742 3156 armenta,
759 3107 810 3144 nec
823 3091 896 3144 ullae

196 3176 254 3230 Aut
268 3178 369 3230 herbae
382 3194 479 3245 campo
492 3185 625 3246 apparent
639 3184 685 3231 aut
698 3177 797 3231 arbore
811 3176 939 3245 frondes3

123 3261 130 3273 '
196 3263 250 3317 Sed
263 3265 334 3318 iacet
347 3264 491 3332 aggeribus
503 3265 592 3318 niveis
604 3265 730 3317 iut'ormis
744 3269 772 3317 et
786 3265 842 3318 alto

196 3351 278 3404 Terra
291 3352 354 3419 gelu
366 3351 430 3418 late,
445 3357 603 3421 septemque
616 3352 739 3418 adsurgit
751 3353 779 3404 in
794 3353 881 3404 ulnas.

197 3436 310 3505 Semper
322 3437 419 3501 hiems,
434 3454 542 3506 semper
555 3440 690 3506 spirantes
703 3438 806 3504 frigora
819 3438 910 3492 Gauri.

196 3523 264 3575 Tum
277 3524 317 3576 sol
331 3523 459 3592 pallentis
471 3523 545 3577 haud
559 3541 687 3592 umquam
701 3524 813 3578 discutit
826 3526 944 3593 umbras,
