2730 3936
495 281 499 288 Ι
526 211 664 262 vunnim
686 212 851 262 spumeos
875 211 894 262 1'.
936 221 938 226 ·

200 371 227 426 N
228 389 264 425 on
277 374 407 442 potuisse,
421 379 523 444 tuaque
535 375 656 429 animam
669 374 741 429 hanc
753 373 896 428 effundere
909 374 1014 442 dextra,

200 459 304 513 Saevus
316 461 364 514 ubi
376 461 516 515 Aeacidae
528 462 584 515 telo
595 463 668 516 iacet
681 461 793 530 Hector,
807 461 855 514 ubi
867 460 965 529 ingens

200 545 349 615 Sarpedon,
364 548 411 602 ubi
424 553 468 602 tot
482 549 581 602 Simois
594 554 722 618 correpta
734 549 785 603 sub
798 548 879 601 undis

200 633 284 688 Scuta
296 635 386 688 virum
400 636 545 704 galeasque
558 641 587 689 et
599 636 685 690 fortia
697 651 814 705 corpora
828 634 916 689 volvit
925 635 936 688 i
945 635 961 662 ’'

183 770 188 781 Χ
235 720 311 775 Talia
321 722 437 776 iactanti
450 722 570 776 stridens
582 723 721 792 Aquilone
734 721 854 792 procella

199 809 301 862 Velum
315 809 430 863 adversa
442 810 516 876 ierit,
531 810 686 880 fluctusque
698 809 733 864 ad
746 809 836 862 sidera
847 809 929 863 tollit.

199 895 376 963 Franguntur
389 897 456 949 remi
467 915 472 962 ;
493 901 552 950 tum
566 912 649 965 prora
662 897 771 965 avertit,
786 902 814 949 et
826 895 908 949 undis

199 981 255 1035 Dat
267 982 352 1050 latus3
374 983 528 1052 insequitur
542 984 652 1038 cumulo
664 988 829 1053 praeruptus
841 999 928 1051 aquae
940 1000 1029 1040 mons.

200 1068 237 1121 Hi
250 1085 357 1123 summo
370 1070 399 1123 iu
412 1070 498 1123 fluctu
510 1070 640 1138 pendent,
656 1070 699 1123 his
712 1069 787 1123 unda
800 1069 943 1124 dehiscens

200 1156 312 1210 Terram
324 1157 398 1211 inter
410 1158 511 1211 fluctus
524 1157 628 1225 aperit3
649 1157 719 1210 furit
731 1163 822 1210 aestus
834 1156 953 1213 harenis.

199 1241 259 1295 Tris
272 1242 362 1296 Notus
375 1246 504 1312 abreptas
516 1245 545 1296 in
558 1260 623 1300 saxa
634 1243 749 1298 latentia
760 1248 909 1311 torquet-

200 1329 272 1383 Saxa
283 1336 384 1383 vocant
396 1330 457 1384 Itali
471 1329 568 1383 mediis
580 1346 650 1398 quas
662 1330 691 1382 in
704 1328 833 1382 fluctibus
846 1329 926 1397 Aras,

199 1414 318 1468 Dorsum
332 1417 452 1470 immane
465 1417 534 1470 mari
547 1417 742 1470 summo-tris
753 1415 844 1468 Eurus
857 1415 890 1468 ab
903 1417 959 1470 alto

199 1499 232 1553 ln
246 1503 340 1556 brevia
352 1510 379 1557 et
393 1503 483 1570 Syrtis
495 1509 585 1572 urget,
599 1501 754 1557 miserabile
767 1501 836 1570 visu,

198 1585 347 1657 lnliditque
360 1590 437 1644 vadis
450 1598 531 1658 atque
545 1606 644 1658 aggere
656 1590 741 1658 cingit
754 1588 881 1642 harenae.

199 1674 296 1744 Unam,
312 1693 380 1744 quae
393 1677 492 1744 Lycios
510 1677 650 1746 fidumque
664 1676 782 1731 vehebat
794 1674 928 1744 Oronten,

198 1761 287 1831 Ipsius
299 1769 364 1818 ante
377 1765 470 1818 oculos
482 1766 579 1834 ingens
592 1766 724 1819 avertice
737 1771 840 1835 pontus

198 1849 231 1902 In
245 1852 358 1920 puppim
371 1852 452 1906 ferit:
474 1853 613 1906 excutitur
625 1869 781 1922 pronusque
796 1853 927 1921 magister

198 1933 330 1991 Volvitur
342 1939 370 1992 iu
384 1944 482 2008 eaput3
503 1946 545 1993 ast
558 1939 633 1994 illam
645 1947 689 1993 ter
700 1939 799 1994 ductus
811 1939 913 1994 ibidem

198 2024 319 2093 Torquet
332 2043 415 2095 agens
427 2028 538 2096 circum,
549 2032 578 2081 et
589 2026 703 2095 rapidus
714 2032 795 2081 vorat
807 2042 926 2096 aequore
939 2031 1045 2082 vertex.

199 2111 342 2180 Apparent
355 2114 410 2166 rari
423 2125 520 2168 nantes
532 2114 561 2168 in
573 2114 683 2183 gurgite
696 2119 782 2182 vasto,

198 2198 285 2252 Arma
297 2200 395 2266 virum,
410 2200 582 2268 tabulaeque,
598 2205 627 2254 et
640 2199 723 2254 Troia
735 2217 803 2269 gaza
815 2217 865 2270 per
879 2199 974 2254 undas.

198 2283 255 2337 Iam
270 2285 388 2339 validam
402 2284 499 2340 Ilionei
512 2302 617 2356 navem,
632 2288 688 2341 iam
701 2287 780 2342 fortis
793 2288 926 2355 Achatae,

196 2367 234 2425 Et
246 2389 300 2440 qua
311 2379 407 2426 vectus
420 2373 503 2428 Abas.
519 2378 547 2426 et
560 2391 612 2442 qua
625 2374 797 2443 grandaevus
810 2375 915 2442 Aletes,

197 2457 274 2511 Vicit
286 2458 389 2526 hiems,
409 2459 479 2513 laxis
490 2459 608 2514 laterum
621 2462 800 2531 compagibus
812 2477 908 2514 omnes

196 2543 347 2613 Accipiunt
360 2547 500 2599 inimicum
513 2547 638 2615 imbrem,
652 2549 784 2616 rimisque
795 2548 934 2601 fatiscunt

232 2630 343 2686 Interea
355 2650 455 2700 magno
468 2634 577 2688 misceri
589 2651 730 2688 murmure
743 2641 868 2704 pontum,

196 2717 386 2788 Emissamque
398 2720 516 2774 hiemem
530 2721 614 2774 sensit
627 2720 775 2790 Neptunus
788 2727 817 2777 et
829 2723 892 2776 imis

197 2805 300 2873 Stagna
312 2806 405 2860 refusa
417 2807 502 2876 vadis,
517 2809 640 2877 graviter
653 2813 824 2876 commotus3
846 2814 873 2863 et
886 2809 943 2862 alto

197 2890 380 2961 Prospiciens,
394 2911 500 2947 summa
513 2894 652 2963 placidum
666 2901 748 2964 caput
761 2895 862 2949 extulit
873 2894 955 2951 unda

196 2979 345 3034 Disiectam
358 2981 468 3035 Aeneae
480 2986 541 3035 toto
554 2982 630 3036 videt
643 2999 761 3050 aequore
774 2982 895 3051 classem,

195 3067 339 3121 Fluctibus
352 3085 496 3137 oppressos
510 3068 595 3122 Troas
608 3070 727 3138 caelique
740 3071 828 3140 ruina,

196 3153 256 3207 Nec
268 3154 374 3208 latuere
387 3156 443 3209 doli
456 3157 572 3212 fratrem
587 3156 701 3211 lunonis
714 3165 742 3212 et
755 3159 821 3213 irae.

195 3240 300 3294 Eurum
313 3242 347 3294 ad
361 3259 389 3295 se
401 3243 612 3313 Zephyrumque
625 3252 714 3312 vocat,
729 3245 829 3299 dehinc
841 3245 908 3299 talia
920 3245 1009 3298 tatur:

196 3330 214 3358 ‘⁴
223 3327 346 3383 Tantane
359 3346 408 3382 vos
421 3332 529 3397 generis
541 3332 632 3384 tenuit
645 3333 744 3385 fiducia
756 3332 861 3386 vestrii

196 3412 254 3467 Iam
268 3415 373 3468 caelum
387 3419 544 3484 terramque
556 3434 619 3470 meo
632 3419 690 3470 siue
703 3418 823 3485 numine,
838 3416 933 3483 Venti,

196 3499 320 3564 atterere,
334 3507 362 3554 et
374 3508 466 3556 tantas
478 3502 584 3555 audetis
596 3502 693 3556 tollere
707 3502 810 3556 molest
