2706 3938
462 230 600 281 VERGILI
622 233 786 284 anuumos
809 235 853 285 VI.

146 386 203 442 Iam
216 389 331 443 tandem
344 389 442 446 Italiae
454 392 586 460 fugientis
597 396 758 464 prendimus
769 414 847 464 oras3

145 475 205 529 Hac
218 476 337 530 Troiana
350 482 433 531 tenus
444 479 529 534 fuerit
542 480 665 537 Fortuna
678 489 781 538 secuta.

145 562 205 617 Vos
218 581 327 632 quoque
340 564 508 634 Pergameae
519 568 574 622 iam
588 569 629 623 fas
642 576 684 624 est
696 588 808 640 parcere
821 573 906 640 genti,

86 651 87 656 ’
145 649 235 718 Dique
247 649 370 720 deaeque
383 668 485 722 omnes,
501 656 600 722 quibus
612 657 721 710 obstitit
734 657 815 711 llium
829 667 856 712 et
868 661 968 728 iugens

144 737 241 792 Gloria
253 737 417 794 Dardaniae.
447 741 557 810 -Tuque,
571 760 588 796 o
601 745 773 800 sanctissima
785 752 869 812 vates,

143 823 274 879 Praescia
285 827 403 894 venturi,
418 827 544 882 da-non
557 830 680 885 indebita
692 849 778 900 poseo

143 912 241 980 Regna
254 914 323 966 meis
334 914 517 970 fatis—Latio
530 918 674 972 considere
686 919 807 974 Teucros

142 999 324 1069 Errantisque
337 1001 404 1054 deos
416 991 573 1072 agitataque
585 1007 700 1060 numina
713 1007 817 1062 Troiae.

142 1086 212 1140 Tum
225 1087 340 1142 Phoebo
353 1096 382 1142 et
394 1088 501 1144 Triviae
514 1091 603 1145 solido
615 1092 650 1146 de
665 1111 801 1150 marmore
814 1097 950 1165 ternplum

142 1175 300 1242 Instituam,
313 1177 452 1245 festosque
464 1177 524 1230 dics
537 1179 572 1232 de
585 1181 697 1234 nomine
710 1181 825 1238 Phoebi.

141 1263 179 1316 Te
193 1279 303 1332 quoquc
316 1280 415 1332 magna
427 1271 541 1318 manent
554 1269 646 1335 regnis
659 1270 812 1336 penetralia
824 1271 936 1325 nostris.

141 1350 196 1403 Hic
209 1366 261 1418 ego
273 1366 391 1418 namque
404 1356 467 1404 tuas
479 1358 568 1406 sortes
582 1371 734 1424 arcanaque
747 1358 814 1424 fata,

140 1433 224 1490 Dicta
237 1453 315 1490 meae
326 1438 411 1506 genti,
426 1455 536 1508 ponam,
551 1441 693 1511 lectosque
707 1444 829 1511 sacrabo,

139 1523 232 1590 Alma,
248 1523 329 1577 viros.
367 1524 451 1579 Foliis
464 1532 571 1580 tantum
587 1531 620 1582 u'e
635 1530 757 1584 carmina
770 1532 878 1599 manda,

139 1610 167 1662 N
168 1628 184 1664 e
197 1610 310 1664 turbata
322 1611 418 1667 volent
431 1615 535 1682 rapidis
548 1615 667 1671 ludibria
681 1619 787 1686 ventis3

138 1697 205 1767 Ipsa
217 1714 300 1752 canas
312 1701 390 1754 orc.’'
429 1701 526 1756 Finem
541 1703 618 1757 dedit
632 1721 679 1758 cre
692 1705 830 1774 loquendi.

174 1785 223 1854 Aa,
238 1785 346 1841 Phoebi
358 1788 481 1842 nondum
494 1793 609 1859 patiens,
624 1792 751 1846 immanis
763 1794 791 1846 in
805 1799 886 1848 antro

137 1873 297 1928 Bacchatur
310 1880 396 1944 vates,
410 1894 539 1946 maguum
554 1881 576 1932 si
590 1883 702 1948 pectore
715 1881 801 1948 possit

136 1961 299 2016 Excussisse
312 1962 408 2031 deum;
428 1969 508 2020 tanto
522 1968 609 2035 magis
621 1967 667 2021 ille
680 1969 781 2036 fatiget

137 2052 177 2107 Os
190 2054 326 2123 rabidum,
341 2056 401 2109 sera
412 2055 497 2110 corda
510 2054 632 2123 domans,
647 2055 780 2125 fingitque
792 2058 952 2125 premendo.

136 2140 217 2196 Ostia
229 2143 340 2212 iamque
353 2143 450 2196 domus
461 2150 576 2212 patuere
589 2142 711 2210 ingentia
723 2149 833 2197 centnm

136 2228 244 2298 Sponte
257 2247 315 2300 aua,
329 2232 456 2300 vatisque
468 2230 564 2284 ferunt
576 2247 708 2298 responsa
720 2247 769 2298 per
782 2248 875 2285 auras:

137 2319 154 2344 ‘⁶
165 2307 190 2370 O
203 2319 317 2373 tandem
331 2320 437 2388 maguis
449 2319 541 2388 pelagi
554 2319 684 2372 defuncte
696 2319 820 2387 periclis!

135 2405 191 2458 Sed
203 2412 295 2460 terrae
307 2407 435 2474 graviora
446 2411 568 2461 manent.
608 2405 640 2458 In
653 2423 738 2474 regna
750 2406 846 2460 Lavini

135 2491 313 2548 Dardanidae
326 2496 452 2563 venient3
472 2495 552 2548 mitte
565 2495 639 2548 hanc
652 2493 686 2548 de
699 2502 810 2562 pectore
822 2512 933 2561 curam3

135 2579 191 2633 Sed
202 2598 261 2635 non
274 2589 303 2636 et
314 2583 422 2636 venisse
436 2583 538 2636 volent.
577 2582 662 2651 Bella,
677 2583 791 2636 horrida
803 2583 882 2650 bella,

133 2665 171 2720 Et
184 2668 318 2736 Thybrim
332 2671 419 2725 multo
433 2676 607 2740 spumantem
622 2671 754 2739 sanguine
767 2685 859 2724 cerno.

134 2754 200 2809 Non
213 2757 315 2812 Simois
328 2759 388 2826 tibi,
403 2775 454 2812 nec
469 2757 604 2825 Xanthus,
621 2775 672 2812 nec
685 2757 789 2811 Dorica
801 2762 891 2811 castra

133 2842 296 2912 Defuerint;
317 2845 386 2899 alius
398 2845 478 2900 Latio
491 2846 546 2898 iarn
560 2850 656 2914 partus
671 2844 803 2912 Achilles,

133 2929 224 2985 Natus
237 2932 336 3001 etipse
349 2932 414 2995 dea:
435 2950 486 2987 uec
499 2933 611 2986 Teucris
625 2931 720 2986 addita
732 2933 802 2985 lunc

133 3017 255 3088 Usquam
270 3021 366 3088 aberit,
382 3037 442 3074 eum
457 3025 496 3088 tu,
512 3019 627 3089 supplex
639 3021 670 3072 in
684 3020 765 3073 rebus
778 3019 879 3088 egenis,

132 3105 311 3176 Quasgentis
324 3107 425 3161 Italum
438 3113 486 3161 aut
500 3125 567 3176 quas
579 3124 636 3160 non
651 3108 774 3160 oraveris
787 3108 885 3161 urbesi

131 3192 221 3248 (lausa
234 3194 299 3248 mali
312 3195 383 3249 tanti
397 3195 518 3248 coniunx
531 3194 631 3247 iterum
646 3193 757 3261 hospita
771 3193 882 3247 Teucris

132 3279 302 3352 Externiqne
313 3283 415 3336 iterum
429 3282 552 3336 thalami.

131 3367 171 3420 Tu
183 3385 218 3422 ne
231 3369 298 3424 cede
311 3369 399 3436 malis,
415 3368 464 3422 sed
477 3373 575 3422 contra
588 3368 734 3422 audentior
745 3369 794 3434 ite,

130 3454 218 3520 Quam
231 3462 322 3511 tuate
336 3457 461 3510 Fortuna
474 3456 553 3509 sinet.
592 3455 647 3508 Via
661 3456 749 3524 prima
763 3453 866 3523 salutis,
885 3489 888 3496 .

131 3541 209 3607 Quod
222 3545 338 3598 minime
352 3543 429 3609 reris,
445 3543 529 3596 Graia
542 3543 678 3610 pandetur
692 3542 726 3596 ab
739 3541 834 3595 urbe.”
