2706 3938
513 192 650 242 varana
674 195 839 244 ADNEIDOS
861 195 892 244 V.

194 353 229 405 Et
241 357 350 406 tantum
363 369 505 422 superesse
517 355 616 407 maris!
639 372 693 407 vox
706 355 835 409 omnibus
848 371 911 409 uua.

197 439 297 492 Urbem
312 446 408 505 orant;
428 440 523 494 taedet
535 441 624 509 pelagi
636 442 758 510 perferre
770 443 901 504 laborem.

193 525 267 594 Ergo
280 527 353 580 inter
366 528 470 580 medias
483 544 541 582 sese
554 528 627 581 haud
640 529 737 596 ignara
749 529 867 584 nocendi

194 613 311 682 Conicit,
326 620 354 668 et
367 615 522 683 faciemque
534 615 603 669 deae
615 623 776 685 vestemque
788 618 914 686 reponit3

193 700 239 754 Fit
251 699 348 768 Beroe,
362 701 465 755 Tmarii
479 702 599 756 coniunx
611 704 747 772 longaeva
761 703 881 771 Dorycli,

187 784 245 840 'oui
257 804 344 856 genus
356 793 384 842 et
397 789 534 858 quondam
547 807 648 844 nomen
661 792 775 859 natique
787 792 921 856 fuissent3

193 874 236 928 Ac
248 875 287 928 sic
300 874 486 929 Dardanidum
501 877 620 932 mediam
634 894 662 931 se
675 878 811 932 matribus
823 878 922 932 infert:

195 963 211 990 “
222 961 246 1014 Ο
258 962 382 1031 miserae,
397 980 465 1031 quas
476 979 533 1016 non
545 981 643 1019 manus
651 965 667 992 ”
681 966 772 1034 iuquit
783 966 929 1019 “Achaica
942 965 1015 1038 hello
1058 957 1067 964 ²

193 1048 317 1103 Traxerit
330 1049 364 1103 ad
377 1051 463 1103 letum
476 1051 583 1119 patriae
595 1053 645 1105 sub
659 1054 816 1107 moenibus}
839 1070 855 1107 0
867 1069 936 1122 gens

193 1136 300 1205 Infelix,
316 1137 360 1191 cui
369 1142 398 1191 te
411 1138 496 1191 exitio
509 1138 632 1193 Fortuna
645 1141 786 1194 reservati

193 1223 316 1292 Septima
327 1229 391 1292 post
403 1224 501 1278 Troiae
516 1225 667 1279 exscidium
682 1229 737 1280 iam
750 1229 869 1281 vertitur
882 1233 979 1294 aestas,

193 1310 263 1364 (lum
276 1311 352 1378 freta,
367 1327 429 1364 cum
442 1319 533 1365 terras
544 1314 640 1381 omnis,
655 1320 698 1368 tot
709 1314 849 1383 inhospita
861 1331 927 1368 saxa

193 1396 343 1466 Sideraque
356 1414 483 1452 emensae
497 1399 620 1468 ferimur,
636 1401 702 1454 dum
714 1418 764 1471 per
776 1418 853 1456 mare
869 1418 998 1470 magnum

192 1482 299 1538 Italiam
313 1485 453 1553 sequimur
467 1486 629 1555 fugientem,
645 1494 673 1542 et
686 1489 823 1542 volvimur
835 1489 924 1542 undis.

195 1571 246 1625 Hic
258 1571 356 1638 Erycis
367 1571 436 1626 fines
448 1573 575 1643 fraterni,
590 1581 673 1644 atque
685 1576 788 1645 hospes
799 1576 929 1630 Acestes:

193 1658 262 1723 Quis
273 1658 405 1726 prohihet
416 1677 513 1716 muros
522 1663 612 1716 iacere
626 1671 654 1716 et
666 1663 733 1718 dare
745 1663 851 1718 civibus
864 1664 982 1718 urbemi

193 1745 217 1799 Ο
231 1747 322 1814 patria
334 1752 362 1800 et
375 1748 447 1816 rapti
461 1750 627 1819 nequiquam
640 1767 674 1804 ex
688 1751 767 1805 hoste
780 1751 907 1819 Penates,

192 1832 312 1886 Nullane
325 1833 378 1887 iam
392 1833 491 1890 Troiae
505 1837 631 1892 dicentur
646 1838 774 1892 moeniai
794 1854 928 1906 nusquam

193 1921 347 1976 Hectoreos
358 1923 455 1992 arnnis,
468 1923 609 1978 Xanthum
624 1930 652 1984 et
665 1925 816 1993 Simoenta,
830 1925 947 1980 videbat

193 2007 267 2072 Quin
280 2010 353 2078 agite
366 2016 396 2065 et
408 2028 515 2065 mecum
527 2012 664 2066 infaustas
674 2013 780 2066 exurite
794 2013 902 2082 puppis.

192 2095 264 2149 Nam
278 2097 346 2150 mihi
360 2097 529 2154 Cassandrae
542 2116 591 2168 per
605 2116 731 2152 somnum
744 2101 815 2154 vatis
827 2100 918 2169 imago

192 2183 326 2237 Ardentis
338 2184 404 2239 dare
417 2187 475 2240 visa
487 2187 580 2241 faces:
599 2190 616 2214 ‘⁸
625 2186 677 2240 Hic
690 2187 812 2256 quaerite
826 2187 950 2254 Troiam;

192 2271 244 2324 Hic
257 2271 356 2325 domus
368 2273 436 2326 est⁷⁷
447 2273 536 2342 inquit
548 2276 565 2302 “
574 2274 680 2328 vobis.”
718 2274 775 2328 lam
789 2280 902 2343 tempus
911 2276 956 2344 agi
967 2293 1021 2330 res

192 2356 251 2412 Nec
263 2359 349 2412 tantis
359 2376 439 2414 more
450 2361 595 2430 prodigiis.
629 2360 672 2414 En
686 2367 816 2430 quattuor
830 2378 892 2416 arae

192 2444 338 2513 Neptuno;
359 2446 427 2500 deus
439 2447 498 2516 ipse
510 2449 589 2502 iaces
599 2449 777 2517 animumque
790 2449 957 2503 ministrat.”

192 2532 268 2586 Haec
279 2549 437 2588 memorans
448 2535 538 2602 prima
547 2536 688 2589 infensum
701 2536 729 2590 vi
742 2536 858 2604 corripit
869 2536 971 2605 ignem,

192 2618 359 2688 Sublataque
371 2621 467 2690 procul
481 2622 579 2676 dextra
591 2623 691 2676 conixa
704 2631 838 2692 conuscat,

191 2705 228 2758 Et
240 2706 313 2760 iacit.
352 2707 487 2762 Armatae
500 2718 606 2764 mantes
622 2711 833 2779 stupefactaque
846 2710 929 2764 corda

192 2793 317 2847 Iliadum.
356 2794 408 2848 llic
421 2812 475 2849 nna
488 2812 503 2850 e
516 2797 617 2865 multis,
634 2815 703 2866 quae
716 2799 838 2852 maxima
849 2802 925 2864 natu,

191 2881 291 2950 Pyrgo‚
304 2887 347 2935 tot
359 2882 463 2938 Priami
476 2890 606 2938 natorum
619 2886 698 2954 regia
707 2887 821 2940 nutrix:

193 2969 283 3022 “Non
295 2968 385 3024 Beroe
398 2972 483 3040 vohis,
499 2988 554 3026 non
567 2972 635 3026 haec
648 2973 792 3041 Rhoeteia,
807 2979 919 3042 matres,

189 3056 240 3110 Est
252 3057 367 3124 Dorycli
377 3059 513 3124 coniun13
534 3059 621 3113 divini
635 3061 712 3128 signa
725 3061 831 3115 decoris

192 3143 377 3214 Ardentisquc
388 3153 484 3200 notate
497 3147 608 3215 oculos,
631 3149 677 3216 qui
691 3150 804 3218 spiritus
817 3149 866 3216 illi,

191 3230 244 3295 Qui
256 3231 355 3298 voltus,
368 3233 495 3302 vocisque
508 3251 600 3300 sonus,
615 3237 659 3290 vel
672 3254 780 3303 gressus
792 3237 879 3291 eunti.

190 3316 253 3386 Ipsa
266 3325 375 3386 egomet
387 3319 488 3374 dudum
502 3320 612 3376 Beroen
625 3323 747 3390 digressa
759 3324 858 3392 reliqui

190 3403 319 3474 Aegram,
334 3406 531 3477 indignantem,
543 3410 593 3464 tali
606 3411 680 3479 quod
693 3411 752 3465 sola
764 3416 871 3466 careret

190 3489 312 3560 Munere,
327 3510 378 3546 nec
391 3496 505 3548 meritos
517 3497 658 3553 Anchisae
670 3499 787 3562 inferret
799 3499 949 3554 honores.”
