2706 3938
511 230 650 282 VERGILI
673 227 839 278 AENBIDOS
861 225 906 276 VI.

234 400 345 455 Talibus
357 415 392 452 ex
405 397 490 464 adyto
502 394 583 447 dictis
596 391 715 446 Oumaea
727 389 834 456 Sibylla

202 487 358 543 Horrendss
371 484 445 539 canit
458 483 587 548 ambages
600 484 735 545 antroque
748 476 879 542 remugit,

200 574 330 629 Obscuris
344 589 410 626 vera
422 570 582 623 involvens:
604 582 637 620 ea
648 566 730 618 frena
742 562 849 616 furenti

200 662 338 728 Ooucutit,
354 667 382 713 et
394 657 521 712 stimulos
534 655 584 708 snb
598 659 711 722 pectore
724 650 810 703 vertit
822 647 934 716 Apollo.

200 749 239 802 Ut
251 749 371 817 primum
385 745 466 800 cessit
479 743 557 797 furor
569 747 598 796 et
610 739 707 794 rabida
720 754 769 792 ora
782 736 918 805 quierunt,

200 837 303 906 Incipit
315 837 424 888 Aeneas
434 831 531 884 heros:
556 831 572 857 ‘⁴
582 827 609 880 N
611 844 647 880 on
660 826 717 880 ulla
730 825 865 890 laborum,

201 925 225 979 O
238 925 324 991 virge,
338 937 411 974 nova
423 920 460 972 mi
472 918 559 972 facies
573 915 721 980 inopinave
734 911 839 979 surgit;

201 1011 302 1064 Omnia
313 1007 442 1077 praecepi
455 1011 537 1075 atque
550 1003 642 1056 animo
656 1017 763 1054 mecum
778 1002 842 1052 aute
855 997 956 1066 peregi.

201 1100 292 1153 Unum
306 1113 370 1150 oro:
392 1093 503 1163 quando
515 1093 560 1145 hic
573 1089 674 1142 inferni
689 1088 773 1140 ianua
784 1085 858 1152 regis

200 1187 309 1240 Dicitur
322 1190 351 1238 et
362 1184 510 1238 tenebrosa
522 1179 600 1248 palus
615 1175 776 1229 Acheronte
789 1171 889 1238 refuso,

201 1274 245 1327 Ire
258 1274 293 1326 ad
306 1279 483 1340 conspectum
496 1267 552 1321 cari
565 1262 698 1334 genitoris
711 1266 739 1314 et
751 1275 800 1312 ora

202 1361 364 1428 Contingat;
385 1358 484 1410 doceas
495 1355 549 1408 iter
562 1360 590 1407 ct
603 1367 680 1404 saera
694 1348 769 1401 ostia
781 1346 893 1414 pandas.

201 1447 282 1500 Illum
297 1463 348 1514 ego
360 1461 409 1514 per
420 1443 546 1496 flammas
558 1447 586 1494 et
598 1439 674 1492 mille
687 1433 830 1505 sequeutia
842 1432 898 1486 tela

202 1535 298 1604 Eripui
310 1534 353 1586 his
366 1532 476 1598 umeris,
490 1530 635 1596 medioque
649 1543 683 1580 ex
696 1525 776 1578 hoste
789 1522 881 1588 recepi
893 1539 900 1587 3

202 1621 253 1676 Ille
265 1638 356 1675 meum
369 1620 516 1674 comitatus
527 1618 582 1670 iter
592 1615 679 1668 maria
691 1611 785 1666 omnia
796 1625 905 1662 mecum

202 1712 295 1777 Atque
309 1709 397 1761 omnis
409 1705 553 1774 pelagique
566 1704 655 1757 minas
669 1700 791 1769 caelique
804 1696 920 1763 ferebat,

203 1797 351 1863 invalidus,
365 1795 432 1847 viris
445 1793 519 1846 ultra
531 1795 687 1859 sortemque
701 1797 835 1841 senectae.

204 1884 285 1952 Quin,
298 1887 370 1937 utta
384 1881 499 1950 supplex
513 1887 635 1948 peterem
648 1881 676 1932 et
689 1882 739 1929 tua
749 1876 846 1929 limina
859 1875 970 1941 adirem,

203 1971 281 2024 Idem
294 1987 376 2024 orans
388 1968 517 2022 mandata
529 1966 621 2020 dahst.
661 1963 784 2033 Natique
797 1965 945 2033 patrisque,

205 2058 294 2126 Alma,
308 2073 413 2126 precor,
428 2057 683 2121 miserere—potes
697 2066 816 2118 nemque
829 2051 929 2112 omnia,
945 2068 996 2104 uec
1010 2057 1039 2105 te

204 2146 378 2214 Nequiquam
390 2144 460 2198 lucis
473 2142 577 2195 Hecate
589 2139 722 2208 praefecit
735 2139 901 2206 Aramis,-

205 2235 234 2288 Si
247 2233 337 2303 potuit
349 2231 440 2285 Manis
453 2245 589 2283 arcessere
601 2227 726 2295 coniugis
739 2226 875 2296 Orpheus,

205 2321 330 2375 Threicia
342 2320 432 2372 fretus
445 2317 552 2371 eithara
562 2315 718 2383 fidibusque
732 2316 848 2384 canoris,

206 2409 235 2462 Si
246 2409 363 2461 fratrem
376 2405 475 2459 Pollux
488 2403 595 2457 alterna
607 2408 696 2456 morte
709 2403 833 2464 redemit,

205 2498 286 2564 itque
298 2494 423 2563 reditque
436 2493 509 2545 viam
521 2491 632 2545 totiens.
672 2489 743 2554 Quid
759 2491 872 2558 Thesea,
886 2505 1015 2558 magnum

206 2584 279 2650 Quid
293 2598 442 2636 memorem
457 2579 594 2632 Alciden?
618 2583 646 2631 et
660 2579 696 2630 mi
712 2596 798 2646 genus
810 2580 844 2632 ab
856 2578 924 2631 Iove
937 2575 1074 2629 summo.'’

241 2671 351 2724 Talibus
364 2668 461 2723 orabat
473 2666 561 2733 dictis,
576 2682 691 2734 arasque
705 2667 826 2732 tenebat,

206 2759 275 2812 Cum
289 2759 327 2812 sic
341 2773 404 2810 orsa
415 2754 491 2821 loqui
504 2761 598 2806 vates:
626 2756 641 2782 “
651 2755 714 2807 Sate
729 2753 861 2821 sanguine
873 2751 975 2817 divom,

206 2846 273 2899 Tros
287 2843 462 2909 Anchisiade,
477 2841 566 2895 facilis
580 2841 726 2894 descensus
740 2842 869 2906 Avern03

206 2933 311 2988 Noctes
323 2940 405 3000 atque
417 2930 476 2984 dies
488 2935 564 2998 patet
578 2929 630 2998 atri
644 2929 728 2984 ianua
742 2928 831 2995 Ditis,

207 3021 260 3075 Sed
272 3037 402 3074 revocare
415 3017 530 3087 gradum
544 3033 711 3085 superasque
725 3016 841 3070 evadere
856 3014 889 3068 ad
904 3029 992 3080 auras,

208 3109 268 3162 Hoc
281 3126 356 3176 opus,
371 3109 416 3161 hic
427 3106 507 3160 labor
520 3110 569 3158 est.
608 3105 700 3170 Pauci,
711 3121 780 3173 quos
792 3119 896 3172 aequus
909 3099 1013 3154 aruerit

209 3195 338 3264 Iuppiter,
353 3199 400 3249 aut
413 3193 513 3248 ardens
526 3191 618 3246 evexit
631 3191 665 3246 ad
678 3191 791 3245 aethera
802 3190 898 3255 virtus,

208 3285 259 3337 Dis
271 3283 357 3350 geniti
369 3287 493 3351 potuere.
532 3279 636 3332 Tenent
649 3278 740 3332 media
753 3277 846 3331 omnia
859 3276 952 3341 silvae,

209 3369 381 3437 Cocytusque
394 3369 455 3420 sinu
467 3366 563 3419 labens
575 3364 757 3418 cheumvenit
769 3367 836 3418 atro.

209 3456 289 3522 Quod
303 3456 324 3507 si
338 3459 431 3508 tantus
444 3469 520 3506 amor
532 3453 627 3517 menti,
642 3452 665 3504 si
678 3455 756 3504 tanta
768 3450 869 3518 cupido
881 3453 931 3514 est,

211 3542 258 3596 Bis
270 3544 380 3609 Stygios
392 3540 488 3592 innare
500 3538 582 3605 lacus,
600 3539 643 3592 bis
653 3539 733 3606 nigra
745 3537 839 3590 videre
