2656 3940
518 195 655 243 VERGlLl
679 195 745 242 AEN
749 195 843 244 lllDOS
866 195 935 244 VIII.

217 357 328 412 Auxilio
341 358 428 426 laetos
441 357 589 424 dimittam,
604 357 756 425 opibusque
768 357 877 410 iuvabo.

214 445 325 498 Interea
337 461 414 498 sacra
426 444 502 512 haec,
518 444 627 513 qnando
639 443 694 497 hnc
707 445 822 497 venistis
835 444 923 511 amici,

214 534 323 599 Annua,
340 548 409 599 quae
422 531 535 584 differre
547 532 635 598 nesae,
651 531 787 584 celebrate
800 531 924 585 faventes

214 619 375 685 Nobiscum,
390 624 419 671 et
431 619 485 671 iam
499 634 574 672 nunc
587 619 723 672 sociorum
737 618 890 673 adsuescite
903 619 1034 672 mensis.’'

248 706 325 759 Haec
337 705 385 758 uhi
398 705 481 773 dicta,
495 705 579 774 dapes
592 706 670 759 iubet
682 713 710 759 et
723 706 831 760 sublata
843 707 939 774 reponi

213 792 322 860 Pocula,
337 795 532 861 gramineoque
546 793 620 845 viros
634 793 708 846 locat
720 793 779 861 ipse
791 793 878 858 sedili,

213 880 451 949 Praecipuumque
462 884 524 932 toro
537 885 565 949 et
579 879 668 933 villosi
681 880 753 949 pelle
765 881 852 934 leonis

213 968 325 1036 Accipit
338 968 462 1031 Aenean,
479 966 602 1035 solioque
616 966 718 1021 invitat
731 984 841 1023 acern0.

213 1056 281 1109 Tum
294 1055 360 1108 lecti
371 1055 491 1128 iuvenes¹
498 1055 626 1107 certatim
642 1071 759 1124 araeque
772 1056 899 1110 sacerdos

214 1143 330 1196 Viscera
342 1147 417 1195 tosta
428 1142 524 1194 ierunt
536 1149 686 1209 taurorum,
703 1148 873 1212 onerantque
886 1143 1013 1196 canistris

155 1259 156 1262 ¹
213 1231 295 1284 Dona
307 1230 448 1284 laboratae
462 1228 577 1296 Cereris,
593 1227 787 1300 Bacchumque
799 1231 966 1284 ministrant.

213 1318 345 1372 Vescitur
356 1317 466 1370 Aeneas
479 1316 559 1370 simul
573 1322 601 1369 et
615 1316 734 1371 Troiana
745 1321 874 1371 inventus

213 1405 344 1473 Perpetui
357 1410 436 1472 tergo
449 1403 528 1458 bovis
542 1408 570 1457 et
582 1403 741 1458 lustralibus
753 1406 832 1458 extis.

203 1507 207 1516 ·
248 1492 398 1560 Postquam
412 1496 541 1560 exempta
554 1491 643 1544 fames
657 1498 686 1545 et
696 1510 773 1546 amor
787 1496 959 1561 compressus
972 1492 1080 1558 edendi,

213 1579 272 1632 Rex
286 1578 431 1632 Euandrus
444 1579 497 1633 uit:
520 1577 609 1632 “Non
624 1579 692 1633 haec
705 1579 849 1634 sollemnia
861 1581 948 1645 nohis,

213 1667 270 1720 Has
284 1683 317 1719 ex
329 1683 407 1719 more
419 1666 510 1735 dapes,
526 1666 597 1720 hanc
610 1667 681 1720 tanti
696 1667 817 1720 numinis
829 1684 903 1720 aram

213 1753 295 1808 Vana
306 1753 466 1821 superstitio
480 1758 660 1822 veterumque
673 1754 769 1821 ignara
782 1755 896 1808 deorum

214 1841 361 1910 Imposuit:
383 1841 479 1908 saevis,
494 1841 594 1910 hospes
607 1841 731 1910 Troiane,
745 1841 856 1909 periclis

213 1929 321 1983 Servati
334 1929 451 1983 facimus
463 1931 631 1998 meritosque
645 1946 779 1992 novamus
792 1930 919 1984 honores.

213 2017 271 2070 Iam
284 2020 403 2087 primum
418 2019 491 2072 saxis
504 2035 664 2086 suspensam
677 2019 750 2072 hano
763 2020 854 2088 aspice
867 2035 980 2086 rupem:

213 2104 350 2160 Disiectae
364 2106 460 2174 procul
472 2112 503 2159 ut
515 2106 609 2174 moles,
626 2106 788 2175 desertaque
801 2105 903 2158 montis

212 2191 274 2246 Stat
286 2194 392 2259 domus,
408 2200 435 2247 et
448 2194 554 2261 scopuli
568 2195 708 2262 ingentem
721 2200 831 2246 traxere
843 2194 960 2246 ruinam.

212 2282 266 2335 Hic
279 2281 409 2350 spelunca
421 2282 483 2348 fuit,
499 2287 578 2335 vasto
593 2282 719 2334 submota
731 2297 848 2348 recessu,

213 2369 407 2424 Semihominis
420 2368 484 2423 Oaci
497 2369 583 2422 iacies
596 2385 678 2436 quam
693 2367 753 2422 dira
764 2369 884 2435 tenebat,

212 2458 283 2511 Solis
296 2459 462 2513 inaccessam
476 2459 576 2523 radiis,
599 2473 761 2526 semperque
774 2456 878 2510 recenti

212 2545 303 2599 Caede
316 2548 428 2615 tepebat
441 2548 548 2608 humus.
565 2547 724 2615 foribusque
735 2544 826 2599 adfixa
837 2543 962 2612 superbis

212 2630 269 2686 Ora
281 2634 370 2687 virum
384 2635 457 2688 tristi
470 2635 628 2703 pendebant
642 2633 745 2703 pallida
757 2633 830 2686 tab0.
869 2635 870 2640 ’

211 2718 283 2774 Huic
295 2727 420 2775 monstro
433 2721 574 2776 Volcanus
588 2730 648 2775 erat
661 2726 756 2789 pater:
776 2719 851 2772 illius
863 2722 938 2772 atros

212 2807 267 2861 Ore
280 2826 394 2863 vomens
407 2810 478 2878 ignis
491 2827 590 2878 magna
603 2827 631 2862 se
645 2809 717 2862 mole
731 2808 846 2862 ferebat.

213 2895 316 2949 Attulit
329 2902 357 2950 et
369 2897 449 2950 nohis
462 2897 609 2966 aliquando
623 2896 783 2964 optantibus
796 2902 872 2949 aetas

211 2982 354 3037 Auxilium
367 2984 572 3053 adventumque
587 2983 639 3037 dei.
679 2982 751 3036 Nam
766 2984 902 3037 maximus
914 2979 997 3049 ultor,

211 3069 365 3138 Tergemini
378 3088 446 3126 nece
462 3072 609 3138 Geryonae
621 3070 769 3139 spoliisque
782 3070 922 3138 superbus,

191 3155 193 3159 ’
212 3157 322 3212 Alcides
335 3159 436 3227 aderat,
451 3164 599 3226 taurosque
611 3158 664 3210 hac
677 3157 767 3210 victor
779 3157 878 3225 agebat

210 3244 340 3313 Ingentis,
357 3247 509 3314 vallemque
522 3246 607 3298 boves
620 3260 783 3314 amnemque
796 3245 936 3298 tenebant.

211 3332 251 3384 At
263 3332 340 3384 iuriis
354 3331 418 3386 Caci
432 3349 510 3385 mens
523 3333 613 3400 effera,
629 3348 663 3384 ne
677 3331 743 3400 quid
755 3332 882 3384 inausum

211 3418 270 3469 Aut
282 3418 459 3471 intractatum
473 3419 617 3471 scelerisve
630 3418 721 3472 dolive
734 3418 838 3484 fuisset,

211 3502 350 3567 Quattuor
362 3519 378 3556 a
391 3504 505 3556 stabulis
517 3504 668 3572 praestanti
682 3520 797 3572 corpore
810 3510 905 3557 tauros
