2656 3940
447 820 477 887 P.
495 819 634 888 llllldlll
659 820 812 890 uluuuls

353 1002 400 1078 A
434 1005 470 1078 E
506 1004 551 1077 N
587 1005 623 1078 Ε
659 1005 681 1078 Ι
717 1005 758 1078 D
796 1006 833 1081 O
871 1007 899 1082 S

451 1198 586 1258 LIBER
613 1199 820 1262 DEOIMUS.

551 1395 704 1406 ...——..

116 1520 249 1578 Panditur
259 1525 371 1579 interea
382 1524 480 1579 domus
491 1525 692 1594 omnipotentis
705 1527 824 1596 Olympi,

117 1609 328 1681 Conciliumque
341 1619 423 1666 vocat
435 1613 527 1666 divom
540 1619 621 1682 pater
633 1621 716 1682 atque
728 1615 872 1670 hominnm
885 1633 934 1670 rex

116 1695 253 1753 Sideream
268 1700 300 1752 in
313 1699 414 1767 sedem,
429 1705 518 1754 terras
531 1701 605 1754 unda
617 1701 720 1756 arduus
733 1703 821 1756 omnis

117 1783 265 1855 Castraque
277 1786 471 1841 Dardanidum
483 1794 608 1856 aspectat
620 1789 791 1859 populosque
803 1790 925 1846 Latinos

117 1871 271 1928 Considunt
283 1875 368 1928 tectis
380 1875 583 1944 bipatentibus3
605 1876 702 1946 incipit
715 1877 788 1947 ipsa:

118 1961 298 2016 “Caelicolae
312 1963 415 2030 magni,
429 1963 557 2031 quianam
571 1965 709 2018 sententia
722 1966 801 2020 vobis

115 2047 202 2104 Versa
213 2059 303 2118 retro,
318 2055 483 2118 tantumque
495 2051 594 2104 animis
607 2053 720 2106 certatis
732 2053 854 2122 iniquisi

115 2137 275 2192 Abnueram
289 2136 365 2190 bello
377 2136 486 2192 Italiam
501 2155 666 2194 concurrere
680 2140 800 2196 Teucris.

115 2223 188 2290 Quae
200 2232 304 2279 contra
317 2226 436 2278 vetitum
448 2224 603 2280 discordia?
624 2228 684 2295 quis
697 2234 789 2282 metus
802 2233 850 2282 aut
862 2228 914 2284 hos

115 2312 169 2366 Aut
180 2314 234 2367 bos
247 2329 330 2367 arina
342 2313 419 2380 sequi
431 2312 590 2382 ferrumque
603 2313 737 2368 lacessere
750 2317 854 2370 suasit?

114 2399 252 2454 Adveniet
264 2401 373 2453 iustum
387 2416 502 2468 pugnae,
518 2416 553 2454 nc
567 2403 703 2470 arcessite,
719 2412 836 2471 tempus,

115 2486 180 2540 (lum
193 2489 255 2542 fera
267 2487 417 2553 Karthago
430 2487 564 2542 Romanis
579 2489 688 2542 arcibus
701 2489 767 2544 olim

113 2573 230 2630 Exitium
244 2593 381 2645 magnum
394 2588 476 2646 atque
488 2577 575 2645 Alpes
586 2577 718 2630 immittet
731 2582 855 2645 apertas:

113 2662 179 2718 Turn
192 2673 304 2720 certare
320 2664 397 2732 odiis,
413 2669 472 2718 turn
489 2681 533 2717 res
546 2665 668 2732 rapuisse
680 2664 784 2718 licebit.

113 2751 191 2807 Nunc
204 2755 297 2820 sinite,
316 2758 344 2804 et
356 2751 488 2820 placitum
502 2752 565 2806 laeti
582 2751 739 2821 componite
751 2751 877 2805 foedus.'’

145 2841 272 2910 luppiter
285 2841 357 2893 haec
370 2839 477 2907 paucis3
498 2843 527 2892 at
539 2855 596 2892 non
610 2839 708 2892 Venus
721 2854 804 2893 aurea
817 2845 916 2894 contra

113 2926 202 2983 Pauca
213 2930 323 2982 refert:

115 3013 163 3066 “0
175 3014 269 3084 Pater,
286 3032 304 3068 o
317 3013 464 3067 hominurn
479 3029 628 3081 rerumque
640 3018 754 3068 aeterna
766 3018 889 3082 potestas
899 3016 944 3068 l—

114 3099 237 3172 Namque
250 3101 330 3156 alirrd
343 3100 410 3170 quid
423 3101 467 3165 sit,
482 3100 556 3169 qnod
570 3100 625 3154 iam
637 3099 786 3169 implorare
800 3117 931 3169 queamus
939 3103 986 3155 l-

115 3187 215 3258 Cernis,
231 3195 263 3243 ut
276 3187 417 3242 insultent
429 3186 533 3254 Rutuli,
548 3186 710 3256 Turnusque
724 3187 828 3241 feratur

114 3273 163 3330 Per
175 3278 283 3332 medios
296 3274 416 3344 insignis
429 3274 505 3342 equis
517 3274 692 3342 tumidusque
705 3274 827 3328 secundo

113 3361 199 3418 Marte
211 3365 296 3419 ruatl
318 3361 383 3416 Non
398 3361 488 3416 clausa
500 3366 599 3429 tegunt
611 3362 665 3415 iam
680 3363 790 3414 moenia
802 3361 938 3418 Teucros:

114 3450 183 3517 Quin
195 3453 273 3506 intra
284 3456 384 3519 portas
399 3453 481 3516 atque
494 3448 561 3516 ipsis
574 3447 679 3516 proelia
691 3448 809 3501 miscent

114 3539 267 3607 Aggeribus
279 3551 436 3602 murorum,
451 3543 479 3587 et
492 3535 627 3588 inundant
640 3535 773 3602 sanguine
786 3535 883 3591 fossae.

1103 3195 1138 3246 20
