2656 3940
433 222 571 272 vacum
593 223 759 274 corimbos
781 224 812 276 X.

105 383 236 439 Extremi
249 383 403 438 addensent
415 383 494 453 acies,
509 401 561 438 nec
573 386 657 440 turba
669 385 777 439 moveri

106 472 174 526 Tela
185 489 340 540 manusque
353 472 427 526 sinit.
465 472 538 526 Hinc
550 472 642 526 Pallas
653 473 740 527 instet
753 478 782 527 et
793 482 882 543 urget,

107 559 182 613 Hinc
195 564 295 614 contra
306 559 420 629 Lausus,
434 576 485 614 nec
497 559 616 614 multum
629 561 768 630 discrepat
781 573 864 626 aetas,

107 645 224 715 Egregii
236 647 340 714 forma3
360 647 409 700 sed
421 647 481 716 quis
493 647 607 702 fortuna
618 651 733 716 negarat

107 733 142 786 ln
155 734 277 802 patriam
289 734 403 788 reditus.
439 734 519 804 Ipsos
531 751 695 789 concurrere
708 751 804 805 passus

108 821 195 876 Hand
207 826 301 875 tamen
313 822 387 875 inter
401 837 430 875 se
443 821 535 890 magni
548 827 678 890 regnator
692 821 804 891 Olympi
818 841 824 877 :

107 908 178 962 Mox
190 907 254 962 iilos
266 925 314 962 sue
325 910 385 963 fata
396 914 510 962 manent
521 909 627 962 maiore
640 909 691 964 sub
702 908 792 964 hoste.

144 995 258 1048 Interea
269 1012 347 1049 soror
359 995 433 1050 alma
444 1000 541 1050 monet
553 996 703 1050 succedere
716 996 807 1050 Lauso

109 1083 244 1152 Tmnum,
259 1084 307 1152 qui
319 1083 425 1137 volucri
439 1100 521 1138 curru
533 1083 656 1136 medium
671 1089 746 1138 secat
758 1101 866 1153 agmen.

109 1169 149 1224 Ut
163 1170 233 1224 vidit
245 1171 350 1223 socios:
374 1169 520 1238 “Tempus
533 1169 669 1224 desistere
681 1187 805 1240 pugnae,

109 1256 193 1310 Solus
205 1274 256 1325 ego
268 1257 298 1310 in
311 1256 440 1310 Pallanta
452 1258 535 1324 feror,
551 1257 602 1311 soli
615 1258 683 1310 milri
694 1258 786 1314 Pallas

108 1344 251 1411 Debetur3
272 1360 401 1412 cuperem
413 1344 473 1413 ipse
484 1360 585 1412 perena
597 1351 736 1413 spectator
748 1345 884 1400 adesset.”

108 1432 189 1486 Haec
201 1431 249 1499 ait,
264 1436 292 1484 et
304 1431 372 1485 socii
385 1437 527 1484 cesserunt
540 1447 659 1500 aequore
672 1433 754 1486 iusso.

110 1521 159 1588 At,
175 1519 311 1572 Rutulum
324 1519 460 1587 abscessu,
474 1519 581 1574 iuvenis
594 1525 653 1573 tum
665 1519 740 1573 iussa
751 1520 870 1588 superba

108 1606 230 1660 Miratus
242 1611 335 1674 stupet
347 1607 377 1658 in
390 1606 491 1674 Turno,
509 1623 663 1676 corpusque
676 1608 837 1675 peringens

108 1694 230 1747 Lumina
242 1693 336 1762 volvit,
352 1693 465 1762 obitque
479 1695 551 1748 nuci
563 1695 661 1763 procul
674 1695 767 1748 omnia
779 1695 848 1764 visu,

109 1781 224 1835 Talibus
237 1787 265 1834 et
277 1780 358 1835 dictis
369 1781 393 1834 it
406 1786 504 1836 contra
515 1781 590 1836 dicta
602 1782 731 1848 tyranni:

111 1871 129 1898 “
138 1871 201 1922 Aut
213 1868 308 1938 spoliis
321 1885 372 1937 ego
383 1869 440 1922 iam
453 1869 540 1937 raptis
552 1868 685 1923 laudabor
699 1869 805 1938 opimis,

109 1957 172 2010 Ant
184 1955 243 2009 leto
255 1956 371 2024 insigni:
391 1956 460 2010 sorti
473 1962 553 2024 pater
563 1973 667 2025 aequus
678 1958 789 2025 utrique
801 1963 850 2012 est.

109 2043 188 2097 Tolle
201 2043 319 2098 minas.”
356 2043 442 2098 Fatus
453 2043 575 2096 medium
588 2044 715 2112 procedit
726 2044 756 2097 in
769 2059 880 2113 aequor.

108 2132 240 2201 Frigidus
251 2132 409 2186 Arcadibus
421 2132 477 2186 coit
489 2133 520 2185 iu
532 2131 694 2200 praecordia
706 2133 826 2200 sanguis.

108 2219 234 2275 Desiluit
245 2220 353 2274 Turnus
366 2221 480 2289 biiugis;
500 2220 585 2289 pedes
597 2225 713 2288 apparat
725 2221 764 2273 ire

111 2308 283 2362 Comminus
322 2308 415 2378 thue
425 2308 478 2372 leo,
495 2307 606 2377 specula
618 2324 681 2360 curn
694 2307 763 2360 vidit
775 2308 810 2362 ab
823 2308 878 2362 alta

110 2395 192 2450 Stare
204 2395 302 2465 procul
314 2397 419 2466 campis
431 2395 613 2450 meditantem
625 2395 655 2447 iu
667 2395 773 2464 proelia
784 2402 904 2461 taurum,

110 2483 254 2538 Advolat:
275 2483 348 2537 haud
363 2483 472 2538 aliaest
485 2483 570 2536 Turni
583 2483 721 2537 venientis
733 2483 832 2552 image.

110 2570 196 2624 Hune
210 2571 260 2624 ubi
273 2571 434 2640 contiguum
447 2572 547 2625 missae
559 2571 622 2624 fore
635 2569 753 2624 eredidit
764 2570 868 2639 hastae,

109 2657 157 2712 Ire
170 2658 249 2727 prior
260 2657 358 2727 Pallas,
374 2659 397 2712 si
411 2674 465 2727 qua
476 2659 534 2712 fors
547 2657 660 2712 adiuvet
673 2673 768 2711 ausum

110 2745 230 2799 Viribus
241 2746 400 2814 imparibus,
416 2761 602 2816 magnumque
614 2745 653 2799 ite
666 2745 702 2800 ed
715 2746 829 2800 aethera
841 2746 934 2800 fatur:

113 2835 130 2862 “
139 2833 196 2887 Per
208 2833 296 2902 petris
308 2833 460 2903 hospitium
473 2834 501 2887 et
512 2849 628 2900 menses,
644 2849 712 2901 quas
724 2833 831 2886 advena
844 2833 932 2901 adisti,

110 2921 150 2975 Te
162 2937 271 2990 precor,
286 2920 392 2989 Alcide,
408 2921 514 2989 coeptis
525 2921 683 2988 ingentibus
697 2921 777 2974 adsis.

111 3010 218 3063 Cernat
230 3009 361 3062 semineci
374 3009 425 3062 sibi
438 3025 483 3063 me
496 3025 592 3078 rapere
605 3026 682 3064 arma
693 3013 816 3077 cruenta,

111 3097 312 3165 Victoremque
325 3096 419 3150 ierant
430 3097 580 3150 morientia
592 3096 699 3150 lumina
712 3095 828 3150 Turni.’'

110 3184 213 3238 Audiit
225 3183 340 3238 Alcides
352 3184 488 3257 iuvenem,
502 3199 690 3252 magnumque
704 3185 754 3237 sub
767 3183 824 3236 imo

112 3272 203 3326 Corde
216 3271 318 3341 premit
329 3270 465 3339 gemitum
478 3267 659 3339 lacrimasque
673 3269 793 3332 effundit
804 3270 901 3325 inanis.

111 3359 180 3412 Tum
194 3359 314 3413 Genitor
326 3364 423 3412 uatum
438 3357 520 3412 dictis
532 3357 642 3412 adfatur
656 3357 765 3412 amicis:

113 3448 131 3476 “
140 3448 204 3502 Stat
216 3464 267 3501 sua
279 3446 379 3515 cuique
391 3445 467 3512 dies3
487 3445 571 3498 breve
583 3449 612 3498 et
624 3443 808 3513 inreparabile
820 3448 930 3513 tempus

111 3533 248 3589 Omnibus
260 3538 303 3587 est
317 3533 407 3599 vitae;
428 3530 592 3586 sedimen
609 3530 759 3584 extendere
772 3530 862 3600 iactis,

234 3637 253 3674 P
356 3622 390 3673 21
