2730 3936
497 203 634 254 VERGILI
657 203 820 253 animnos
843 204 855 250 l

170 370 196 423 It
209 386 283 424 mare
296 374 459 437 proruptum
474 372 503 419 et
515 365 612 434 pelago
624 365 725 434 premit
739 381 806 418 arva
818 365 937 418 sonanti.

170 458 222 511 llic
236 465 328 510 tamen
341 456 386 509 ille
400 455 494 508 urbem
508 454 606 508 Patavi
623 452 754 522 sedesque
767 453 871 507 locavit

170 545 345 611 Teucrorum,
360 548 388 596 et
400 543 475 611 genti
489 558 589 594 nomen
601 540 678 594 dedit
691 557 820 609 armaque
832 540 895 594 fixit

170 632 258 699 Troia,
274 647 346 684 nunc
359 629 466 698 placida
479 633 637 698 compostus
649 644 716 697 pace
729 629 859 696 quiescit:

170 718 237 786 Nos,
253 723 300 772 tua
312 717 466 786 progenies,
482 716 550 770 caeli
564 716 664 784 quibus
678 715 775 769 adnuis
787 733 887 784 arcem,

170 805 302 871 Navibus,
316 804 473 858 infandum!
495 803 609 872 amissis,
625 803 705 855 unius
718 803 754 856 ob
766 803 835 856 iram

170 893 318 946 Prodimur
331 896 413 960 atque
426 891 504 944 Italis
516 891 599 958 longe
612 890 792 958 disiungimur
805 891 868 944 oris

172 979 226 1033 llic
237 979 347 1048 pietatis
359 979 465 1032 honest
486 979 524 1031 sic
536 995 588 1031 nos
599 978 628 1030 in
642 985 750 1046 sceptra
763 978 891 1046 reponisl
902 977 918 1004 ”

207 1066 262 1120 Olli
275 1065 418 1120 subridens
430 1065 576 1118 hominum
587 1073 662 1118 sator
673 1071 755 1133 atque
768 1065 881 1118 deornm

171 1155 267 1224 Velm,
283 1171 337 1223 que
351 1153 456 1207 eaelum
470 1158 702 1222 tempestatesque
716 1156 833 1220 serenat,

172 1242 273 1296 Oscula
283 1241 381 1295 libavit
394 1247 483 1309 natae,
499 1240 598 1295 dehine
611 1240 678 1293 talia
690 1240 781 1294 tatur:

172 1331 189 1359 ‘⁴
199 1330 285 1383 Parce
298 1333 382 1395 metu,
397 1328 542 1396 Cytherea,
558 1331 671 1381 manent
682 1327 798 1381 immota
809 1333 921 1381 tuorum

171 1417 241 1470 Fata
252 1416 320 1469 tibi:
341 1432 437 1469 cemes
450 1415 545 1468 urbem
559 1420 587 1467 et
600 1415 734 1483 promissa
745 1414 842 1469 Lavini

171 1502 288 1570 Moenia,
303 1502 502 1570 sublimemque
515 1503 587 1554 feres
600 1500 633 1554 ad
648 1501 737 1554 sidera
750 1501 818 1554 caeli

171 1591 377 1658 Magnanimum
393 1592 523 1654 Aeneam
544 1605 633 1658 neque
647 1605 691 1642 me
705 1590 843 1643 sententie
855 1591 946 1643 vertit.

159 1655 226 1731 *Hie
239 1678 404 1732 tibi—fabor
417 1678 498 1744 enim,
513 1677 624 1747 quando
635 1676 703 1730 haec
716 1683 744 1729 te
757 1693 823 1730 eure
836 1677 983 1744 remordet,

172 1769 291 1837 Longius
304 1774 332 1822 et
346 1769 458 1822 volvens
470 1770 591 1822 fetorum
606 1784 706 1821 arcana
718 1766 871 1819 movebo-

172 1856 279 1910 Bellum
294 1855 389 1925 ingens
401 1862 478 1923 geret
490 1855 578 1922 Italia,
594 1854 763 1926 populosque
776 1853 877 1906 ferocis

173 1947 339 2012 Contundet,
352 1965 494 2017 moresque
508 1949 574 2001 viris
586 1953 614 2002 et
625 1948 735 2002 moenia
749 1952 843 2017 ponet,

172 2034 266 2090 Tertia
276 2036 340 2089 dum
355 2037 434 2092 Latio
448 2044 608 2106 regnantem
623 2035 723 2090 viderit
736 2041 833 2103 aestas,

172 2124 312 2195 Tarneque
325 2125 485 2180 transierint
498 2123 607 2177 Rutulis
619 2123 736 2177 hiberna
749 2122 875 2176 subactis.

165 2195 213 2266 Ἂι
224 2229 293 2282 puer
305 2213 449 2280 Ascanius,
465 2211 508 2265 eui
521 2228 595 2264 nunc
610 2227 762 2279 cognomen
776 2209 836 2263 Iulo

172 2299 397 2354 Additur—Ilus
409 2303 477 2367 erat,
493 2298 558 2351 dum
571 2314 615 2352 res
629 2297 706 2351 stetit
719 2296 770 2350 Ilia
783 2312 906 2365 regno—

172 2386 296 2456 Triginta
308 2405 422 2457 magnos
436 2385 578 2439 volvendis
590 2385 729 2438 mensibus
742 2385 818 2438 orbis

173 2473 293 2543 lmperie
306 2475 433 2544 explebit,
448 2491 618 2544 regnumque
630 2475 664 2528 eb
678 2473 742 2528 sede
754 2472 852 2528 Lavini

172 2560 336 2628 Transferet,
352 2566 379 2615 et
391 2561 502 2630 longam
514 2562 602 2615 multe
614 2561 642 2614 vi
654 2563 761 2615 muniet
776 2560 883 2613 Albam.

172 2647 225 2702 Hic
236 2648 292 2702 iarn
304 2652 348 2702 ter
361 2653 471 2702 centum
484 2654 559 2702 totos
573 2649 732 2717 regnabitur
745 2663 832 2701 annos

173 2735 263 2789 Gente
275 2735 325 2788 sub
338 2734 483 2802 Hectorea,
500 2736 588 2790 donec
602 2736 697 2804 regine
709 2734 837 2788 sacerdos

172 2821 260 2876 Marte
273 2821 364 2890 gravis
377 2823 514 2890 geminam
527 2829 608 2890 partu
621 2823 698 2877 debit
711 2823 762 2876 Ilia
774 2821 888 2890 prolem.

171 2907 240 2962 Inde
252 2909 332 2978 lupae
344 2909 423 2962 fulvo
436 2909 550 2963 nutricis
563 2911 685 2978 tegmine
697 2910 785 2963 laetus

171 2995 306 3050 Romulus
318 2997 436 3065 excipiet
449 3002 566 3066 gentem,
582 3002 610 3051 et
622 2997 759 3052 Mavortia
773 2995 874 3050 condet

171 3081 280 3137 Moenia
293 3082 486 3152 Romanosque
499 3101 547 3143 suo
561 3084 595 3137 de
608 3084 718 3138 nomine
730 3082 811 3137 dicet.

172 3168 222 3222 His
235 3185 285 3237 ego
299 3185 348 3223 nee
361 3176 449 3224 metes
461 3187 551 3223 rerum
565 3188 616 3224 nec
629 3178 753 3239 tempore
765 3185 854 3238 p0n0;

172 3254 322 3323 Imperium
336 3257 394 3309 sine
407 3256 461 3311 fine
474 3256 546 3311 dedi.
585 3257 658 3323 Quin
672 3273 768 3326 aspere
781 3256 858 3324 lune,

172 3342 249 3406 Quae
262 3358 337 3396 mare
348 3359 422 3396 nunc
434 3348 576 3412 terrasque
587 3350 663 3398 metu
677 3343 836 3412 caelumque
848 3342 952 3410 fatigat,

172 3429 295 3482 Consilia
307 3429 336 3481 in
349 3429 445 3482 melius
456 3430 566 3497 referet,
580 3447 742 3500 mecumque
755 3431 862 3485 fovebit

172 3513 319 3583 Romanos,
334 3532 426 3568 rerum
439 3515 574 3581 dominos,
589 3522 753 3584 gentemque
767 3521 897 3584 togatam.
911 3535 921 3566 e
