2734 3936
465 219 604 272 vnadltr
626 220 757 272 ECLOGA
776 221 809 274 V.

124 380 200 436 Mor.
219 381 260 435 Tu
273 382 379 450 maior;
399 382 452 435 tibi
463 399 509 436 me
521 389 563 436 est
575 399 692 452 aequum
704 400 810 454 parere,
823 383 955 454 Menalca,

125 468 189 522 Sive
202 469 253 521 sub
264 469 386 522 incertas
397 469 532 537 Zephyris
542 471 715 525 motantibus
727 472 845 539 umbras,

125 555 190 608 Sive
203 561 283 610 antro
295 556 390 624 potius
402 555 581 611 succedimus,
618 558 729 626 Aspice,
743 563 775 612 ut
787 563 897 612 autrum

126 643 265 696 Silvestris
276 643 347 696 raris
359 643 460 712 sparsit
471 642 597 698 labrusca
608 640 732 698 racemis.

125 729 201 782 Mna.
221 729 364 784 Montibus
375 730 406 783 in
418 731 521 784 nostris
533 730 607 784 solus
619 730 671 784 tibi
683 737 772 786 certat
784 733 930 799 Amyntas.

126 817 198 871 lior.
219 816 300 884 Quid,
315 817 338 870 si
350 817 424 870 idem
437 822 525 871 certet
537 818 682 873 Phoebum
697 835 826 888 superare
840 820 985 875 canendoi

126 905 202 958 Mna.
223 904 326 973 Incipe,
340 904 445 973 Mopse,
459 905 542 974 prior,
557 906 580 958 si
593 922 662 974 quos
674 913 722 960 aut
734 906 869 974 Phyllidis
880 908 959 977 ignis,

125 991 186 1044 Ant
199 990 314 1044 Alconis
326 991 410 1044 babes
422 991 523 1060 landes,
538 997 585 1045 aut
597 993 685 1060 iurgia
698 992 791 1047 Codri.

126 1078 236 1147 incipe,
256 1078 393 1147 pascentis
405 1078 525 1132 servabit
538 1078 650 1146 Tityrus
662 1079 772 1133 haedos.

125 1165 200 1219 lior.
220 1165 309 1219 Immo
321 1166 397 1234 baec,
410 1165 440 1218 in
452 1165 533 1219 viridi
545 1182 633 1235 nuper
646 1183 715 1235 quae
728 1169 831 1221 cortice
842 1167 900 1237 iugi

127 1253 258 1308 Carmina
270 1253 402 1323 descripsi
415 1257 444 1306 ct
455 1252 599 1307 modulans
611 1254 719 1308 alterne
730 1255 834 1322 notari,

125 1340 277 1409 Experiar,
297 1344 329 1393 tu
341 1339 441 1394 deinde
452 1338 547 1394 iubeto
559 1349 591 1393 ut
603 1345 691 1394 certet
704 1341 849 1408 Amyntas.

126 1427 203 1480 blaa.
222 1426 311 1480 Lenta
323 1426 391 1480 salix
404 1431 536 1496 qnantum
551 1427 664 1496 pallenti
678 1427 751 1481 cedit
763 1427 860 1497 olivae,

126 1514 256 1567 Puniceis
267 1511 380 1566 humilis
393 1518 524 1582 quantum
538 1513 661 1568 saliunca
672 1515 777 1583 rosetis,

125 1601 233 1654 Iudicio
244 1604 341 1654 nostro
353 1605 462 1676 tantum
474 1599 527 1654 tibi
539 1599 614 1654 cedit
627 1601 774 1668 Amyntas.

126 1689 201 1743 Mor.
221 1687 275 1741 Sed
287 1695 319 1741 tu
332 1687 424 1742 desine
437 1688 524 1756 plura,
539 1705 624 1757 puer:
646 1690 825 1744 successimus
837 1695 927 1744 antro.

161 1775 335 1830 Exstinctnm
350 1775 497 1845 Nymphae
510 1776 615 1830 crudeli
627 1776 724 1829 funere
740 1776 878 1846 Daphnim

125 1863 327 1918 Flebant-vos
339 1865 427 1932 coryli
439 1869 525 1918 testes
538 1869 566 1917 et
578 1864 691 1918 flumina
704 1862 877 1934 Nymphis-

126 1950 196 2005 Ourn
210 1951 353 2021 complexa
365 1951 407 2005 sui
419 1967 521 2021 corpus
532 1951 688 2006 miserabile
700 1951 758 2005 nati

125 2037 220 2106 Atque
232 2037 299 2092 deos
311 2044 392 2107 atque
405 2044 480 2092 astra
492 2044 574 2092 vocat
587 2038 709 2092 crudelia
720 2043 816 2092 mater.

124 2123 189 2178 Non
202 2125 253 2178 ulli
266 2131 359 2195 pastos
370 2126 424 2179 illis
436 2141 517 2193 egere
529 2125 627 2180 diebus

124 2211 243 2281 Frigida,
257 2211 377 2282 Daphni,
391 2213 476 2266 boves
488 2211 522 2266 ad
535 2212 665 2280 fiumina3
685 2212 762 2266 nulla
773 2228 825 2266 nec
837 2228 946 2267 amnem

124 2298 236 2354 Libavit
248 2299 411 2370 quadrupes,
425 2316 477 2354 nec
488 2300 621 2368 graminis
633 2300 726 2368 attigit
738 2300 860 2354 herbam.

124 2385 244 2454 Daphni,
259 2393 337 2440 tuum
350 2384 460 2440 Poenos
473 2387 555 2440 etiam
568 2387 734 2454 ingemuisse
746 2386 839 2440 leones

124 2473 280 2538 interitum,
294 2481 457 2543 montesque
468 2475 522 2528 feri
535 2473 673 2543 silvaeque
684 2474 842 2544 loquuntur.

126 2560 250 2630 Daphnis
262 2567 290 2615 et
303 2561 451 2615 Armenias
463 2579 546 2615 curru
558 2562 723 2630 subiungere
735 2561 815 2630 tigris

123 2648 257 2713 Instituit,
271 2648 398 2718 Daphnis
409 2647 516 2703 thiasos
529 2648 657 2703 inducere
670 2648 772 2703 Bacchi

122 2735 160 2789 Et
170 2735 248 2790 foliis
260 2736 349 2790 lentas
360 2737 484 2790 intexere
496 2735 625 2790 mollibus
636 2735 737 2789 hastas.

123 2821 197 2876 Vitis
209 2828 242 2877 nt
255 2823 401 2877 arboribus
413 2822 505 2877 decori
518 2827 568 2891 est,
581 2829 613 2876 nt
626 2823 727 2876 vitibus
739 2839 816 2891 uvae,

123 2908 162 2962 Ut
172 2909 308 2979 gregibus
318 2910 400 2977 tauri,
414 2914 520 2978 segetes
533 2915 564 2963 ut
575 2910 722 2978 pinguibus
735 2911 815 2978 arvis,

123 2995 162 3049 Tu
176 2996 260 3051 decue
273 3013 355 3050 omne
368 2995 432 3049 tuis.
470 2995 618 3064 Postquam
632 3004 661 3050 te
674 2996 734 3051 fata
745 2998 875 3067 tulerunt,

122 3084 185 3153 ipsa
196 3084 279 3138 Pales
292 3100 374 3152 agros
386 3089 469 3153 atque
480 3084 539 3152 ipse
552 3084 663 3152 reliquit
674 3085 784 3152 Apollo.

122 3172 245 3227 Grandia
257 3188 340 3240 saepe
353 3173 452 3240 quibus
463 3171 654 3225 mandavimus
665 3171 769 3226 hordea
781 3172 870 3242 sulcis,

122 3259 219 3313 Infelix
232 3259 332 3312 lolium
346 3262 374 3311 et
387 3257 493 3311 steriles
506 3264 655 3312 noscuntur
667 3276 787 3326 avenae,

120 3345 174 3400 Pro
186 3346 266 3401 molli
279 3345 361 3412 viola,
375 3361 427 3412 pro
439 3361 578 3413 purpureo
590 3347 718 3414 narcisso,

120 3434 247 3488 carduus
260 3437 289 3486 et
302 3431 391 3500 spinis
403 3433 490 3499 surgit
503 3432 624 3499 paliurus
636 3434 731 3487 acutis.

119 3520 247 3588 Spargite
260 3521 377 3572 humum
391 3518 473 3585 foliis,
487 3519 609 3572 inducite
623 3520 745 3573 fontibus
757 3519 876 3585 umbras,
948 3538 954 3545 ·

1114 912 1146 961 10
