2656 3940
395 238 533 288 vuuoitl
556 238 721 288 AIINEIDOS
744 237 815 287 VIII.

102 399 213 455 Pellibus
225 401 255 454 in
269 416 374 454 rnorem
387 399 479 465 eiuoti,
493 399 672 468 fimmasque
685 399 819 454 serebant.

102 484 252 541 Instaurant
265 487 368 555 epulas,
384 491 412 538 et
423 501 535 540 mensae
548 491 627 554 grata
640 485 777 540 secundae

101 572 175 627 Dona
185 574 288 642 ferunt,
304 572 499 641 cumulantque
511 573 633 627 oneratis
645 571 769 628 laneibus
782 589 851 628 aras.

102 658 163 712 Tum
176 659 241 715 Salii
254 660 289 714 ad
302 664 401 714 eantue
412 659 527 714 ineensa
539 659 638 714 altaria
651 659 753 713 oiroum

101 745 222 813 Populeis
234 745 336 799 odeum
349 743 451 798 evincti
463 749 591 813 tempora
603 745 694 811 ramis,

101 831 148 886 Hie
159 834 289 887 iuvenum
302 833 412 900 oborus,
427 831 474 886 ille
487 847 600 899 senum
621 832 668 900 qni
681 831 803 886 carmine
816 832 910 888 laudes

101 919 242 976 Herculeas
255 925 284 974 et
299 921 375 973 faeta
387 919 497 974 ferunt:
518 923 550 972 ut
562 919 652 988 prima
664 935 801 974 novercae

100 1005 216 1061 Monstra
227 1023 313 1062 mann
325 1006 505 1075 geminosque
517 1021 647 1075 premens
660 1006 764 1061 eliserit
777 1009 888 1076 anguis3

101 1093 135 1147 Ut
145 1093 216 1149 bello
228 1094 355 1163 egregias
365 1093 440 1146 idem
453 1092 594 1148 disteeerit
606 1093 695 1163 urbes,

101 1180 256 1251 Troiamque
271 1180 506 1249 Oechaliamque3
526 1185 559 1234 ut
571 1181 655 1235 duros
666 1182 743 1236 mille
755 1182 862 1236 labores

101 1267 168 1338 Rege
179 1270 229 1323 sub
242 1265 409 1335 Eurystheo,
423 1267 487 1322 fatis
499 1267 612 1324 lunonis
623 1269 742 1339 iniquae,

100 1355 249 1410 Pertulerit.
291 1354 358 1407 “Tu
370 1355 530 1424 nubigenas,
543 1355 654 1425 inviote,
670 1357 835 1424 bimembris,

101 1442 284 1512 Hylaeumque
297 1441 479 1512 Pholumque,
492 1459 586 1512 manu,
599 1452 632 1498 tu
644 1445 739 1500 Oresta
750 1453 855 1498 maetas

100 1530 220 1602 Prodighr
232 1538 261 1588 et
274 1538 385 1586 vastum
397 1532 520 1588 Nemeae
532 1534 582 1586 suh
597 1549 665 1601 rupe
677 1533 794 1590 leonem.

101 1617 133 1670 Ta
144 1619 230 1689 Stygii
243 1626 385 1675 tremuere
398 1620 482 1689 loeus,
497 1626 525 1674 te
539 1619 641 1674 ianitor
654 1618 719 1673 Oroi
822 1685 826 1694 Δ

101 1704 162 1760 Ossa
173 1725 254 1777 super
267 1709 405 1762 reoubaus
417 1713 498 1762 antro
510 1725 616 1763 semesa
628 1713 759 1774 orueuto;

101 1791 154 1848 Nee
165 1800 192 1848 te
204 1796 277 1850 ullae
290 1795 385 1864 faeies,
402 1813 458 1850 non
470 1796 572 1850 terruit
583 1796 643 1864 ipse
656 1794 811 1863 Typhoeus,

101 1880 204 1936 Arduus
217 1900 298 1937 arma
309 1889 420 1952 teneus;
440 1899 496 1937 nou
509 1889 537 1937 te
549 1884 665 1938 tattonis
677 1886 803 1950 egentem

101 1967 230 2026 lemaeus
241 1973 327 2026 turba
340 1971 459 2040 capitum
476 1970 658 2024 eireumstetit
671 1970 775 2038 anguis.

102 2054 180 2126 Salve,
194 2076 262 2115 vera
273 2058 350 2113 Iovis
361 2058 461 2126 proles,
475 2057 560 2110 deous
571 2056 665 2110 addite
676 2056 755 2122 divis,

101 2143 133 2196 ut
143 2161 191 2200 uos
202 2153 231 2200 et
242 2153 293 2202 tua
304 2146 403 2200 dexter
415 2145 461 2200 adi
473 2144 544 2213 pede
557 2160 634 2198 saera
646 2143 795 2197 seeundo.'’

102 2227 170 2286 Talia
182 2235 353 2304 earmInibus
367 2233 524 2298 eelebrent3
546 2247 629 2300 super
641 2231 735 2286 emula
747 2231 813 2284 Caci

103 2315 257 2386 Spelunoam
270 2321 402 2388 adiciunt,
417 2319 623 2389 spirantemque
635 2318 744 2386 ignibus
755 2317 855 2385 ipsum.

104 2401 235 2462 Consonat
248 2425 332 2462 omne
345 2424 443 2462 nemus
456 2407 582 2475 strepitu,
596 2405 733 2473 eollesque
745 2404 888 2458 resultant.

132 2492 199 2548 uun
211 2513 240 2550 se
253 2496 349 2551 cuneo
362 2495 464 2550 divinis
475 2478 558 2549 rents
570 2493 605 2547 au
617 2493 714 2546 urbem

103 2576 226 2638 Perieotis
238 2584 374 2638 referunt.
413 2583 476 2638 Ibat
489 2597 539 2636 rex
553 2581 659 2636 obsitus
671 2596 747 2646 aevo,

103 2665 134 2720 ht
145 2672 271 2726 comitem
286 2671 402 2724 Aenean
413 2670 491 2726 iuxta
504 2674 656 2737 natumque
668 2667 781 2722 tenebat

103 2751 262 2823 Ingrediens.
277 2758 411 2828 varioque
422 2757 497 2812 viam
509 2773 636 2812 sermone
648 2755 766 2810 levabat.
864 2781 867 2788 ·

103 2839 210 2898 llhatur
222 2845 367 2915 facilisque
380 2845 474 2900 oeulos
485 2845 541 2898 fert
554 2844 648 2899 omnia
659 2843 763 2898 eiroum

104 2927 210 3001 Aeneas,
225 2934 390 3003 capiturque
402 2932 477 2999 loeis,
492 2937 520 2985 et
533 2930 640 2999 singula
652 2930 741 2984 laetus

104 3012 277 3090 Exquiritque
290 3020 422 3088 auditque
435 3019 525 3072 virum
544 3025 723 3072 monumenta
735 3019 867 3087 priorum.

105 3101 164 3158 Tum
177 3125 225 3161 rex
237 3108 386 3162 Euandrus
398 3106 540 3162 Romanae
552 3107 680 3160 eonditor
692 3107 777 3160 areis:

107 3189 198 3248 “Haeo
210 3211 327 3250 nemora
337 3195 485 3263 indigenae
497 3193 586 3248 Fauni
598 3193 800 3262 Nymphaeque
812 3194 951 3259 tenebant,

106 3276 223 3350 (iensque
236 3283 327 3336 virum
340 3282 447 3336 truuois
459 3287 487 3336 et
499 3281 569 3336 duro
582 3281 681 3336 robore
693 3287 766 3347 nata,

107 3362 166 3426 Quis
177 3382 265 3437 neque
277 3386 338 3423 mos
351 3385 440 3437 neque
453 3368 543 3422 uultus
556 3373 622 3436 eret,
634 3384 686 3420 nee
698 3368 812 3435 iungere
825 3373 926 3435 tauros,

107 3451 159 3506 Aut
170 3471 335 3525 componere
346 3471 414 3524 opes
425 3466 534 3519 norant,
549 3460 596 3508 aut
609 3471 723 3523 paruere
735 3459 825 3523 parto,

108 3537 156 3594 Sed
165 3543 233 3597 rami
246 3549 329 3613 atque
341 3558 424 3611 asper
435 3542 510 3596 viotu
524 3550 638 3596 venatus
651 3541 750 3596 alebat.

202 3645 223 3682 Μ
339 3645 374 3694 18
