2706 3938
517 207 657 258 vultum
678 201 845 260 inumeris
866 210 898 261 V.

198 370 267 424 Sum
280 370 348 424 levis
362 369 492 424 aetheriis
504 368 632 438 delapsus
645 369 763 424 Somnus
774 373 810 425 ab
822 372 903 424 astris

197 459 273 512 Aera
282 457 401 510 dimovit
413 457 591 510 tenebrosum
605 461 633 510 et
643 457 757 526 dispulit
770 459 888 525 umbras,

100 608 103 617 Ι
198 545 243 611 Te,
258 543 395 611 Palinure,
411 549 513 612 petens,
529 543 578 596 tibi
592 545 699 597 somnia
711 545 803 598 tristia
815 551 929 614 portans

197 628 319 695 lnsonti3
340 628 478 696 puppique
492 628 560 680 deus
573 629 697 681 consedit
710 630 739 681 iu
753 629 815 696 alta,

197 715 350 772 Phorbanti
363 714 466 782 similis,
477 715 625 784 tunditque
638 715 689 769 has
701 731 748 769 ore
760 715 898 784 loquelas:

200 805 217 832 “
227 802 316 855 Iaside
329 801 466 869 Palinure,
477 801 571 855 ferunt
583 802 644 872 ipsa
658 818 778 872 aequora
790 803 920 858 classem:

198 890 341 959 Aequatae
355 889 461 956 spirant
473 905 570 957 aurae,
592 889 674 943 datur
686 889 756 944 hora
768 891 862 960 quieti.

198 978 274 1031 Pone
287 980 377 1044 eaput,
391 975 533 1044 fessosque
547 977 641 1030 oculos
654 977 747 1032 iurare
759 978 856 1032 labori.

197 1065 261 1134 Ipse
274 1080 324 1131 ego
337 1063 476 1132 paulisper
489 1081 540 1132 pro
555 1069 582 1118 te
596 1072 644 1120 tua
656 1083 772 1121 munera
783 1068 886 1122 inibo.”

198 1153 250 1207 Oui
262 1152 309 1205 vix
323 1151 452 1205 attollens
464 1150 611 1206 Palinurus
623 1153 729 1210 lumina
741 1156 827 1210 fatur:

199 1239 304 1294 “Mene
317 1238 382 1291 salis
395 1237 493 1306 placidi
507 1239 615 1294 voltum
629 1240 781 1311 fluctusque
795 1243 904 1312 quietos

197 1328 329 1397 Ignorare
341 1327 437 1381 iubesl
456 1344 536 1382 mene
550 1329 614 1383 huic
627 1329 765 1384 confidere
778 1330 923 1384 monstro?

197 1417 314 1469 Aenean
327 1415 437 1468 credam
450 1415 516 1484 quid
529 1416 602 1469 enim
611 1417 752 1472 fallacibus
764 1418 838 1471 auris

198 1503 235 1556 Et
247 1501 315 1555 caeli
327 1502 429 1556 totiens
442 1503 574 1573 deceptus
585 1506 682 1560 fraude
695 1505 801 1560 sereni?
813 1505 829 1532 ”

198 1588 275 1643 Talia
287 1589 360 1642 dicta
372 1589 463 1658 dabat,
479 1592 640 1660 clavumque
654 1591 751 1646 affixus
763 1600 792 1646 et
805 1593 920 1647 haerens

198 1676 342 1746 Nusquam
356 1678 507 1747 emittebat,
524 1680 671 1748 oculosque
686 1681 736 1733 sub
749 1685 823 1734 astra
836 1680 958 1734 tenebat.

197 1764 269 1818 Ecce
282 1765 349 1818 deus
362 1782 469 1818 ramum
481 1751 604 1822 Lethaeo
616 1783 678 1820 rore
698 1766 853 1820 madentem

198 1853 291 1922 Vique
304 1859 462 1923 soporatum
477 1853 573 1922 Stygia
586 1870 667 1922 super
681 1860 795 1922 utraque
808 1858 918 1922 quassat

197 1943 341 2013 Tempora,
355 1944 551 2011 cunctantique
564 1943 690 1996 natantia
703 1941 808 1994 lumina
821 1941 911 1996 solvit.

198 2030 254 2083 Vix
267 2033 371 2100 primos
383 2033 496 2101 inopina
509 2030 586 2099 quies
598 2029 740 2082 laxaverat
753 2033 837 2095 artus,

197 2117 234 2170 Et
246 2119 492 2187 superincumbens
504 2135 566 2170 cum
581 2117 680 2186 puppis
692 2121 772 2184 parte
783 2115 892 2169 revulsa

198 2205 323 2275 Cumque
335 2205 501 2274 gubernaclo
514 2204 631 2274 liquidas
643 2204 760 2272 proiecit
771 2203 799 2256 in
812 2202 900 2256 undas

197 2291 381 2362 Praecipitem
394 2311 426 2348 ac
439 2294 529 2348 socios
542 2293 706 2361 nequiquam
720 2307 801 2359 saepe
816 2295 970 2345 vocantem.
993 2279 1000 2302 ⁴

197 2379 260 2449 lpse
274 2380 370 2435 volans
382 2381 473 2435 tenuis
486 2397 515 2434 se
529 2379 639 2433 sustulit
652 2379 708 2432 ales
720 2378 754 2432 ad
767 2394 854 2432 auras.

198 2468 292 2521 Currit
303 2470 357 2522 iter
369 2474 459 2522 tutum
472 2485 530 2522 uon
543 2469 629 2522 setius
643 2482 761 2535 aequore
774 2465 875 2533 classis,

196 2555 397 2626 Promissisque
409 2557 495 2624 patris
507 2554 630 2624 Neptuni
641 2554 768 2608 interrita
779 2553 878 2606 fertur.

197 2645 310 2714 lamque
321 2644 389 2698 adeo
402 2643 529 2712 scopulos
542 2643 669 2697 Sirenum
685 2642 800 2696 advecta
812 2640 930 2708 subibat,

196 2732 323 2788 Difficilis
335 2732 473 2802 quondam
486 2733 691 2800 multorumque
705 2729 812 2784 ossibus
825 2728 919 2794 albos;
1001 2793 1004 2797 ι

197 2820 266 2874 Tum
279 2838 361 2875 rauca
374 2819 488 2874 adsiduo
500 2817 581 2887 louge
594 2819 650 2872 sale
664 2835 730 2872 saxa
743 2816 895 2872 sonabant:

197 2908 266 2962 Cum
280 2915 359 2977 pater
372 2907 471 2961 amisso
483 2905 639 2960 fluitantem
654 2921 746 2959 errare
764 2903 896 2972 magistro

197 2995 296 3064 Sensit,
311 2996 410 3065 etipse
423 2999 509 3048 ratem
524 2994 666 3046 nocturnis
679 2993 753 3048 rexit
765 2992 792 3044 in
807 2990 895 3058 nudie,

196 3082 285 3136 Multa
297 3098 417 3150 gemens,
432 3097 551 3149 casuque
564 3081 685 3133 animum
699 3094 848 3133 concussus
860 3076 956 3132 amici:

198 3168 247 3222 “0
261 3169 375 3222 nimium
389 3168 464 3222 coelo
477 3172 505 3220 et
517 3167 615 3236 pelago
628 3167 729 3220 confise
742 3181 847 3230 sereno,

197 3254 295 3308 Nudus
306 3256 335 3309 in
347 3256 450 3324 ignota,
463 3252 602 3324 Palinure,
616 3254 719 3308 iacebis
731 3250 863 3306 harena.”
