2656 3940
403 211 541 262 VllllGlLI
563 211 728 262 sanamus
751 212 821 262 VIII.

116 374 157 428 Sin
168 375 281 444 aliquem
292 374 437 429 infandum
450 391 553 443 casum,
568 373 701 442 Fortuna,
714 374 846 430 minaris:

115 461 194 530 Nune,
207 479 278 516 nuuc
291 479 308 516 o
319 461 402 516 liceat
414 461 552 516 crudelem
565 463 729 530 abrumpere
742 462 836 530 vitam,

114 548 180 602 Dum
191 567 270 604 curae
281 550 434 618 ambiguae,
447 549 514 602 dnm
527 566 589 618 spes
601 550 709 603 incerta
720 549 816 618 taturi,

114 635 178 689 Dum
189 645 225 706 te,
239 653 301 691 care
313 653 390 706 puer,
404 653 467 690 mea
479 637 538 690 sola
550 641 579 690 ot
592 653 652 690 sera
664 636 798 706 voluptas,

114 723 254 794 Complexu
266 729 364 793 teneo,
385 725 494 793 gravior
506 741 561 778 neu
574 724 689 778 nuntius
702 726 775 778 auris

113 810 265 866 Volneret.’'
303 812 379 866 Haec
392 812 502 880 genitor
516 811 640 880 digressu
654 811 729 865 dieta
742 829 870 880 supremo

112 898 257 967 Fundebat;
278 899 376 954 famuli
389 899 547 968 conlapsum
560 900 590 952 in
602 905 678 953 tecte
689 899 823 953 ferebant.

142 987 247 1057 Iamque
260 988 330 1042 adeo
343 988 449 1042 exierat
461 989 549 1057 portis
563 988 701 1056 equitatus
713 989 823 1057 apertis,

111 1074 211 1129 Aeneas
223 1076 299 1130 inter
310 1075 415 1144 primos
429 1086 456 1128 et
469 1074 683 1142 fldusAchates,

111 1161 172 1216 Inde
183 1162 228 1216 alii
241 1162 340 1216 Troiae
353 1179 499 1231 proceres3
520 1163 578 1231 ipse
591 1163 699 1232 agmine
712 1161 802 1217 Palles

111 1247 140 1302 In
150 1249 245 1320 medio,
260 1249 407 1318 chlamyde
420 1257 448 1304 et
460 1251 542 1318 pictis
554 1256 717 1319 conspectus
729 1250 758 1304 in
771 1252 869 1306 armis:

111 1337 197 1402 Qualis
209 1338 257 1392 ubi
271 1336 376 1391 Oceani
389 1337 515 1407 perfusus
526 1337 636 1391 Lucifer
648 1338 729 1407 unda,

111 1427 189 1492 Quem
202 1429 300 1482 Venus
312 1435 376 1482 ante
388 1429 457 1483 ahos
470 1434 606 1482 astrorum
619 1428 710 1498 diligit
721 1430 801 1500 igme,

109 1515 209 1570 Extulit
222 1534 253 1570 os
264 1533 375 1578 sacrum
387 1516 463 1570 eaelo
475 1516 657 1584 tenebrasque
672 1517 791 1571 resolvit.

110 1600 183 1657 Stant
194 1603 312 1672 pavidae
324 1604 354 1656 in
366 1605 451 1656 muris
462 1608 572 1672 matres,
587 1603 726 1673 oculisque
739 1610 891 1675 sequuntur

108 1688 261 1745 Pulveream
278 1691 382 1744 nubem
395 1697 423 1744 et
435 1691 567 1760 fulgentis
581 1707 643 1746 aere
656 1698 788 1746 catervas.

110 1775 158 1829 Olli
170 1795 218 1847 per
230 1779 337 1846 dumos,
354 1795 408 1849 qua
419 1780 548 1848 proxima
559 1786 634 1835 meta
645 1781 760 1849 viarum,

109 1867 209 1924 Armati
222 1871 358 1939 tendunt3
378 1875 401 1928 it
414 1875 526 1943 clamor,
541 1880 569 1929 et
582 1875 690 1944 agmine
702 1874 775 1928 laeto

109 1956 335 2030 Quadrupedante
347 1967 457 2031 putrem
469 1963 560 2016 sonitu
573 1964 663 2032 quatit
676 1962 778 2030 ungule
789 1977 924 2030 campum¹

108 2044 152 2103 Est
163 2050 259 2121 ingens
272 2051 395 2122 gelidum
408 2040 486 2104 lucus
498 2067 585 2119 prope
599 2049 717 2103 anritis'
730 2065 846 2117 amnem,

109 2133 241 2206 Rehgione
254 2145 365 2208 patrum
378 2139 435 2194 late
449 2157 541 2208 saoer;
561 2141 682 2209 undique
695 2140 779 2194 eolles

109 2222 237 2304 ¹Inclusere
252 2227 315 2281 cavi
329 2232 357 2280 et
369 2227 448 2296 nigra
460 2245 556 2281 nemus
569 2228 659 2282 abiete
672 2229 794 2296 cingunt.

109 2310 213 2368 Silvano
225 2316 303 2370 lama
318 2321 361 2370 est
373 2317 475 2370 veteris
487 2334 608 2372 sacrasse
620 2315 758 2384 Pelasgos,

109 2399 240 2459 Arvorum
253 2405 418 2475 pecorisque
433 2406 492 2472 deo,
507 2406 654 2475 lucumque
667 2406 802 2474 diemque,

108 2489 156 2555 uui
167 2493 247 2561 primi
260 2493 327 2546 finis
342 2493 487 2561 aliquando
501 2493 621 2547 habuere
634 2492 756 2547 Latinos.

108 2574 181 2631 Haud
193 2580 290 2648 procul
303 2580 370 2632 hino
382 2579 489 2634 Tarcho
503 2586 530 2634 et
543 2580 678 2646 Tyrrheni
692 2585 753 2633 tuta
764 2581 899 2634 tenebunt

108 2663 196 2720 Castra
208 2667 284 2736 locis,
303 2666 432 2735 celsoque
446 2668 535 2721 omnis
547 2669 581 2721 de
594 2667 664 2722 colle
676 2666 764 2721 videri

108 2749 158 2804 lam
170 2759 280 2821 poterat
293 2753 377 2822 legio,
392 2759 420 2807 et
432 2755 494 2808 lutis
507 2755 638 2809 tendebat
650 2756 680 2808 in
693 2755 773 2809 arvis.

108 2835 161 2892 Huc
172 2847 252 2908 pater
265 2841 379 2894 Aeneas
392 2844 420 2894 et
431 2839 504 2894 bello
516 2841 588 2895 lecta
599 2841 729 2894 iuventus

107 2923 262 2997 Succedunt,
277 2928 399 2997 fessique
412 2934 441 2981 et
453 2945 537 2997 equos
550 2934 577 2982 et
590 2945 706 2998 corpora
718 2936 824 2982 curant.

138 3013 174 3067 At
187 3014 284 3070 Venus
298 3015 438 3070 aetherios
451 3016 525 3070 inter
538 3015 589 3070 dea
602 3015 718 3069 candida
730 3016 840 3069 nimbos

107 3097 180 3154 Dona
191 3103 283 3157 ferens
297 3103 410 3167 aderat3
431 3108 581 3172 natumque
593 3103 622 3156 in
635 3103 707 3157 valle
720 3102 835 3157 reducta

108 3181 140 3237 Ut
151 3189 245 3256 procul
260 3194 289 3244 et
302 3188 396 3258 gelido
408 3196 543 3242 secretum
557 3189 668 3243 flumine
681 3189 756 3254 vidit,

108 3270 209 3328 Talibus
221 3277 319 3330 adlata
332 3280 374 3330 est
386 3276 475 3340 dietis,
490 3293 572 3345 seque
585 3277 684 3330 obtulit
697 3277 785 3330 ultro:

109 3359 171 3413 “En
182 3365 310 3431 perfecta
323 3363 378 3418 mei
391 3367 525 3432 promissa
539 3365 662 3432 coniugis
675 3369 734 3418 arte

109 3444 228 3517 llunera3
249 3467 286 3504 ne
301 3467 367 3504 mox
381 3458 430 3504 aut
442 3450 594 3518 Laurentis,
608 3456 681 3518 nate,
697 3451 836 3518 superbos,

109 3533 161 3588 Aut
172 3553 259 3591 aorem
274 3538 387 3592 dubites
399 3538 428 3590 in
442 3537 546 3605 proelia
557 3554 671 3606 poscere
684 3537 834 3590 Turnum.’'
