2734 3936
462 249 600 300 VERGILI
623 250 810 301 dnoaolcon
834 253 867 304 Π.

154 413 255 467 Tristia
267 417 454 483 temptantum
467 429 548 466 sensu
562 413 703 482 torquebit
716 429 831 468 amaror.

153 499 269 568 Pinguis
280 501 347 554 item
361 516 432 570 quas
445 500 481 553 sit
493 499 582 566 tellus,
594 499 648 553 hoc
661 500 780 570 denique
793 505 875 569 pacto

153 587 308 641 Discimus:
329 587 404 640 haud
416 603 545 656 umquam
559 588 685 641 manibus
696 588 798 642 iactata
810 589 920 656 fatiscit,
1085 649 1091 678 Ι

153 674 209 729 Sed
222 676 291 743 picis
303 675 332 727 in
345 691 452 728 morem
465 674 499 728 ed
511 674 612 743 digitos
624 674 752 728 lentescit
765 674 900 729 habendo.
1122 679 1174 730 aba

154 762 256 815 Umida
268 762 386 816 maiores
399 761 498 815 herbas
510 760 567 827 alit,
581 762 694 830 ipsaque
707 761 780 815 iusto

153 849 274 904 Laetior.
312 849 358 901 Ah
373 849 486 902 nimium
500 865 535 902 ne
548 849 583 902 sit
597 848 663 900 mihi
678 849 776 902 fertilis
790 849 844 916 illa,

153 935 216 990 Neu
229 953 259 990 se
271 936 457 1005 praevalidam
470 935 566 1004 primis
579 935 708 988 ostendat
721 936 828 991 aristis!

154 1023 232 1089 Quae
244 1024 336 1092 gravis
348 1029 398 1090 est,
412 1024 473 1092 ipso
486 1022 599 1077 tacitam
612 1039 641 1077 se
654 1023 776 1092 pondere
788 1025 888 1092 prodit,

154 1110 287 1179 Quaeque
299 1110 374 1165 levis.
413 1109 577 1178 Promptum
591 1115 632 1163 est
645 1110 732 1164 oculis
745 1110 919 1179 praediscere
931 1112 1047 1180 nigram,
1120 1115 1171 1166 att

153 1197 191 1251 Et
203 1199 265 1267 quis
276 1198 321 1252 cui
333 1198 418 1251 color.
456 1200 495 1251 At
508 1197 670 1252 sceleratum
684 1200 828 1268 exquirere
841 1200 930 1267 frigus

153 1284 273 1339 Difficile
285 1290 343 1339 cst:
363 1285 457 1354 piceae
469 1289 579 1339 tantum
592 1287 705 1356 taxique
717 1291 850 1340 nocentes

153 1371 298 1426 Interdum
312 1377 359 1426 aut
370 1372 488 1426 hederae
502 1365 627 1440 pandunt
641 1374 756 1442 vestigia
768 1374 871 1442 nigrae.

190 1459 241 1513 His
253 1459 457 1527 animadversis,
473 1465 574 1514 terram
590 1461 678 1515 multo
691 1467 756 1515 ante
770 1469 908 1515 memento

153 1547 317 1617 Exooquere
329 1551 358 1600 et
369 1561 484 1615 magnos
497 1547 639 1602 scrobibus
651 1549 795 1603 concidere
811 1551 922 1616 montis,

153 1636 230 1689 Ante
243 1634 384 1703 supinatas
396 1635 518 1704 aquiloni
533 1635 678 1689 ostendere
690 1636 806 1704 glaebae,

154 1723 244 1789 Quam
256 1722 359 1777 laetum
372 1723 492 1777 infodias
503 1723 569 1778 vitis
580 1740 673 1793 genus.
714 1723 828 1792 Optima
839 1723 914 1792 putri

153 1811 320 1865 Arvas010:
340 1811 369 1863 id
381 1811 457 1864 venti
471 1816 570 1864 curant
582 1811 741 1880 gelidaeque
757 1812 871 1880 pruinae

152 1898 189 1952 Et
200 1898 336 1952 labefacta
347 1914 464 1951 movens
476 1898 605 1951 robustus
617 1898 712 1965 iugera
725 1899 823 1952 fossor.

152 1986 204 2052 Ac,
219 1987 243 2039 si
257 2002 327 2055 quos
339 1985 413 2039 haud
428 1985 483 2038 ulla
495 1986 571 2039 viros
584 1985 726 2054 vigilantia
738 1986 815 2054 fugit,

153 2073 230 2128 Ante
241 2073 333 2128 locum
346 2073 464 2127 similem
476 2073 632 2142 exquirunt,
647 2073 695 2126 ubi
711 2073 800 2141 prima
813 2085 926 2140 paretur

152 2161 312 2216 Arboribus
323 2177 400 2229 seges
412 2165 441 2214 et
453 2177 507 2230 quo
520 2177 585 2213 mox
597 2160 705 2227 digesta
716 2160 828 2224 feratur,

151 2245 290 2303 Mutatam
302 2249 433 2317 ignorent
445 2247 536 2300 subito
548 2263 584 2300 ne
597 2248 703 2301 semina
716 2233 842 2301 matrem.

152 2334 227 2401 Quin
241 2336 326 2390 etiam
341 2335 411 2389 caeli
423 2333 563 2402 regionem
578 2334 606 2387 in
619 2335 723 2388 cortice
736 2334 853 2402 signant,

152 2423 198 2487 Ut,
213 2440 269 2491 quo
282 2439 405 2492 quaeque
417 2421 501 2475 modo
513 2421 629 2486 steterit,
645 2437 699 2490 qua
710 2428 790 2490 parte
803 2421 907 2476 calores

151 2511 303 2564 Austrinos
317 2511 418 2578 tulerit,
433 2527 502 2580 quae
514 2516 593 2578 terge
605 2509 757 2564 obverterit
770 2509 824 2574 axi,

152 2596 330 2650 Restituant:
351 2596 421 2649 adeo
433 2595 462 2648 in
475 2595 577 2649 teneris
591 2609 769 2648 consuescere
781 2593 898 2647 multum
912 2601 963 2649 est.

153 2684 278 2738 Oollibus
291 2699 325 2736 an
339 2682 422 2751 plano
436 2683 532 2736 melius
546 2684 581 2736 sit
593 2698 697 2751 ponere
710 2682 803 2749 vitem,

152 2770 262 2837 Quaere
274 2771 359 2839 prius.
397 2769 426 2824 si
439 2770 548 2838 pinguis
561 2785 642 2838 agros
655 2770 796 2824 metabere
809 2770 905 2838 campi,

151 2858 246 2912 Densa
258 2873 334 2911 sere:
354 2857 385 2909 in
397 2857 483 2911 denso
496 2873 549 2911 non
564 2857 674 2925 segnior
687 2857 771 2910 ubere
784 2855 925 2924 Bacchus,

152 2945 200 3000 Sin
213 2945 329 2998 tumulis
341 2943 445 2998 acclive
458 2942 545 2997 solum
558 2943 690 3012 collisque
703 2943 823 3012 supinos,

151 3029 269 3098 Indulgo
282 3029 433 3097 ordinibus,
447 3044 499 3082 nee
511 3027 595 3082 setius
608 3027 698 3080 omnis
710 3028 738 3081 in
752 3044 872 3096 unguem

152 3117 308 3170 Arboribus
321 3115 418 3184 positis
431 3122 506 3169 secto
520 3115 564 3168 via
576 3115 662 3168 limite
676 3114 801 3184 quadret.

152 3203 190 3257 Ut
202 3220 286 3272 saepe
298 3202 405 3271 ingenti
420 3202 492 3256 bello
505 3219 566 3255 cum
580 3201 662 3269 longa
675 3202 805 3255 cohortes

151 3289 292 3360 Explicuit
304 3290 385 3358 legio,
400 3293 428 3342 et
440 3305 537 3358 campo
551 3289 627 3342 stetit
640 3305 740 3356 agmen
752 3293 858 3358 aperto,

151 3377 343 3446 Derectaeque
355 3377 433 3444 acies,
449 3393 480 3430 ae
493 3376 548 3430 late
560 3375 675 3430 fluctuat
688 3377 777 3429 omnis

152 3464 226 3518 Aere
238 3463 376 3518 renidenti
390 3462 479 3529 tellus,
495 3462 611 3516 necdum
624 3462 737 3516 horrida
749 3463 866 3517 miscent

152 3549 269 3619 Proelia,
283 3549 330 3603 sed
344 3549 444 3603 dubius
457 3548 554 3602 mediis
566 3547 640 3602 Mars
653 3553 727 3602 errat
739 3549 768 3602 in
781 3549 881 3604 armis:
