2730 3936
521 205 660 256 vanum
682 205 848 254 AENEIDOS
870 204 902 252 11.

202 368 351 423 Labentem
365 368 454 436 pistas
465 384 517 421 nec
529 366 670 435 Apollinis
681 365 768 419 infula
780 365 859 418 texit.

201 455 279 510 Iliaci
291 456 397 511 cineres
409 460 438 508 et
450 454 561 509 flamma
574 459 698 508 extrema
710 469 844 520 meorum,

201 543 305 611 Testor,
319 543 347 596 in
361 558 459 596 occasu
471 547 565 595 vestro
578 557 628 594 nec
642 540 698 594 tela
710 556 762 593 nec
774 539 844 592 ullas

202 629 343 684 Vitavisse
354 629 429 682 vices
443 627 578 688 Danaum.
594 635 628 693 et,
644 628 667 680 si
680 628 738 680 sata
750 627 877 693 tuissent,

203 717 240 770 Ut
253 716 387 783 caderem,
403 715 534 774 meruisse
548 731 640 768 manu.
679 712 844 766 Divellimur
856 713 940 768 inde:

201 802 309 871 Iphitus
322 809 350 856 et
363 802 453 856 Pelias
465 819 582 867 mecum,
601 816 717 870 quorum
729 800 839 868 Iphitus
852 817 921 854 aevo

202 889 260 943 Iam
273 890 389 958 gravior,
404 889 494 944 Pelias
508 894 535 942 et
550 888 660 941 volnere
674 887 769 941 tardus
783 886 874 953 Ulixi3

201 977 332 1031 Protinus
345 978 380 1031 ad
392 977 471 1031 sedes
483 976 586 1030 Priami
600 976 719 1029 clamore
733 975 832 1028 vocati.

202 1065 254 1119 Hic
268 1082 333 1120 vero
345 1065 486 1132 ingentem
498 1081 626 1133 pugnarn,
642 1080 693 1117 ceu
707 1068 799 1116 cetera
811 1079 945 1131 nusquam

201 1153 279 1207 Bella
291 1154 392 1221 forent,
407 1152 476 1207 nulli
487 1157 548 1206 tota
561 1157 735 1204 morerentur
748 1151 778 1202 in
792 1150 874 1218 urbe3

201 1241 246 1294 Sic
259 1241 377 1294 Martem
391 1239 565 1307 indomitum,
581 1238 746 1306 Danaosque
760 1237 795 1290 ad
807 1242 881 1290 tecta
894 1238 999 1291 ruentis

202 1328 352 1396 Cernimus,
368 1329 562 1396 obsessumque
575 1331 636 1380 acta
650 1324 790 1378 testudine
802 1324 894 1377 limen.

201 1414 325 1468 Haerent
338 1415 488 1483 parietibus
500 1412 597 1479 scalae,
613 1412 753 1480 postisque
767 1411 818 1464 sub
830 1410 905 1479 ipsos

201 1502 335 1554 Nituntur
348 1501 485 1569 gradibus,
500 1500 656 1568 clipeosque
670 1497 704 1552 ad
718 1496 774 1550 tela
787 1497 906 1550 sinistris

200 1587 321 1642 Protecti
335 1589 467 1655 obiciunt,
481 1591 614 1655 prensant
627 1585 736 1653 fastigia
749 1584 862 1638 dextris.

200 1674 377 1729 Dardanidae
391 1685 488 1728 contra
501 1674 586 1727 turris
599 1689 630 1727 ac
643 1676 718 1726 tecta
732 1672 877 1725 domorum

201 1761 328 1816 Oulmina
341 1760 577 1815 convellunt-his
590 1777 627 1827 se,
643 1759 753 1829 quando
766 1758 864 1812 ultima
877 1765 1001 1828 cernunt,

200 1849 332 1903 Extrema
344 1850 398 1903 iam
411 1849 440 1901 in
453 1854 542 1902 morte
553 1853 653 1917 parant
667 1847 817 1900 defendere
831 1845 929 1900 telis—

202 1936 373 2005 Auratasque
386 1937 485 2005 trabes,
500 1940 625 1989 veterum
638 1935 738 1988 decora
751 1935 807 1988 alta
819 1939 973 2003 parentum,

201 2023 375 2090 Devolvunt;
397 2023 443 2077 alii
456 2024 559 2077 strictis
571 2023 750 2076 mucronibus
764 2022 834 2074 imas

201 2110 340 2164 Obsedere
353 2110 442 2176 fores3
462 2110 512 2163 has
524 2117 635 2163 servant
649 2109 758 2176 agmine
772 2109 866 2162 denso,

199 2195 349 2249 Instaurati
363 2195 454 2261 animi,
469 2195 540 2262 regis
553 2211 712 2248 succurrere
724 2194 813 2262 tectis,

200 2281 367 2350 Auxilioque
379 2282 471 2335 levare
484 2282 566 2348 viros,
580 2282 692 2350 vimque
706 2281 806 2335 addere
822 2281 910 2336 victis.

234 2370 331 2423 Limon
344 2375 403 2423 erat
417 2385 566 2437 caecaeque
579 2369 653 2422 iores
666 2375 694 2422 et
706 2369 817 2437 pervius
831 2385 896 2422 usus

200 2457 346 2510 Tectorum
359 2457 432 2509 inter
445 2473 473 2509 se
486 2455 597 2523 Priami,
612 2463 759 2524 postesque
772 2457 859 2510 relict‘

200 2545 227 2597 A
239 2550 326 2612 tergo,
340 2544 435 2597 infelix
449 2560 503 2612 qua
515 2560 552 2610 se,
567 2543 632 2595 dum
645 2560 731 2611 regna
744 2545 902 2609 manebant,

200 2631 313 2698 Saepius
326 2630 520 2684 Andromache
532 2630 606 2683 ferre
621 2631 783 2684 incomitata
798 2631 903 2684 solebat

201 2718 244 2770 Ad
258 2735 374 2784 soceros,
390 2724 482 2771 atavo
496 2734 610 2785 puerum
626 2719 797 2785 Astyanacta
810 2718 946 2772 trahebat.

199 2804 295 2859 Evado
309 2805 342 2858 ad
355 2805 452 2858 summi
465 2805 576 2873 fastigia
591 2805 724 2872 culminis,
741 2806 814 2859 unde

200 2892 264 2946 Tela
276 2909 359 2945 manu
372 2892 464 2945 miseri
477 2892 616 2946 iactabant
629 2893 714 2947 inrita
726 2894 832 2948 Teucri.

201 2974 306 3032 Turrim
320 2979 349 3031 in
362 2978 504 3047 praecipiti
518 2982 637 3033 stantem
654 2981 822 3050 summisque
835 2980 886 3034 sub
899 2985 975 3035 astra

199 3067 334 3120 Eductam
348 3067 434 3132 tectis,
448 3065 520 3120 unde
533 3066 621 3120 omnis
634 3067 716 3120 Troia
729 3068 815 3122 videri

199 3154 235 3206 Et
246 3153 373 3208 Danaum
387 3153 483 3207 solitae
496 3169 579 3206 naves
592 3158 620 3207 et
634 3154 741 3208 Achaia
753 3162 851 3219 castra,

201 3241 330 3308 Aggressi
343 3241 419 3294 ferro
432 3241 544 3309 circum,
560 3257 614 3309 que
627 3258 734 3295 summa
745 3242 865 3296 labantis

200 3327 344 3381 Iunctnras
356 3328 481 3382 tabulata
492 3328 604 3395 dabant,
620 3329 799 3382 convellimus
812 3329 875 3382 altis

200 3413 322 3481 Sedibus,
337 3414 565 3482 impulimusque3
586 3430 618 3466 ea
630 3413 706 3484 lapsa
719 3421 834 3484 repente
847 3416 953 3468 ruinam

200 3499 271 3554 (lum
284 3501 375 3554 sonitu
388 3501 473 3553 trabit
486 3506 514 3553 ot
527 3500 653 3555 Danaum
667 3519 749 3570 super
760 3503 870 3571 agmina
881 3503 938 3557 late
