2706 3938
408 261 546 312 vnuarul
569 262 733 311 nunninus
755 263 814 313 VII.

114 423 167 478 Hoc
178 425 278 479 Priami
290 430 433 494 gestamen
445 430 514 491 erat,
527 441 589 479 cum
603 426 663 480 iura
675 427 780 479 vocatis

112 510 182 566 More
193 513 272 567 daret
283 514 402 582 populis,
417 518 608 582 sceptrumque
621 529 751 582 sacerque
764 513 848 567 tiaras

112 597 273 670 Iliadumque
285 601 367 656 labor
381 601 498 656 vestes.’'

142 686 247 741 Talibus
259 688 358 742 Ilionei
371 688 452 742 dietis
466 687 557 742 defixa
570 687 684 742 Latinus

112 772 210 827 Obtntu
223 780 300 829 tenet
313 792 370 842 ora,
385 775 497 844 soloque
509 775 661 828 immobilis
672 775 778 844 haeret,
802 831 807 840 ,

112 860 227 915 Intentos
238 862 354 916 volvens
364 863 466 917 oculos.
504 861 564 917 Nec
577 877 699 931 purpura
711 879 803 930 regem

111 947 182 1002 Picta
192 955 293 1018 movet,
307 967 358 1003 nec
371 955 480 1018 sceptra
492 954 606 1004 movent
619 949 755 1004 Priameia
767 956 884 1021 tantum,

111 1034 242 1099 Quantum
255 1037 285 1090 in
299 1037 418 1090 conubio
430 1042 513 1091 natae
526 1036 702 1105 thalamoque
714 1043 856 1106 moratur;

111 1121 249 1177 alvearis
263 1123 351 1178 Fauni
365 1123 452 1177 volvit
465 1125 516 1178 sub
529 1129 642 1193 pectore
656 1130 776 1179 sortem:

112 1209 184 1265 Hune
194 1212 272 1265 illum
286 1211 350 1266 fatis
363 1217 479 1265 externa
491 1213 526 1266 ab
539 1211 604 1266 sede
615 1213 770 1281 proiectum

111 1295 233 1352 Portendi
246 1315 387 1368 generum,
405 1300 570 1368 paribusque
582 1299 612 1352 in
626 1316 711 1367 regna
724 1301 817 1354 vocari

110 1385 256 1454 Auspiciis3
278 1386 344 1440 hinc
356 1387 515 1455 progeniem
530 1388 634 1440 virtute
646 1387 768 1442 futuram

110 1470 253 1541 Egregium,
269 1480 298 1527 et
311 1479 402 1527 totum
415 1490 485 1542 quae
498 1474 604 1527 viribus
617 1480 732 1543 occupet
745 1475 849 1529 orbem.

111 1556 221 1613 Tandem
233 1559 326 1614 laetus
338 1561 389 1614 ait:
413 1560 475 1613 “Di
488 1567 584 1614 nostru
595 1562 706 1630 incepta
719 1562 871 1615 secundent

111 1645 312 1716 Augustumque
326 1649 420 1702 suuml
460 1647 586 1716 Dabitur,
602 1648 726 1716 Troiane,
742 1649 815 1717 quod
829 1657 918 1718 optas.

110 1731 216 1787 Munera
227 1752 279 1789 nec
297 1752 407 1804 sperno.
445 1734 472 1788 N
474 1752 510 1790 on
524 1735 608 1804 vobis,
624 1753 689 1804 rege
701 1736 809 1803 Latino,

111 1818 203 1874 Divitis
213 1823 284 1877 uber
297 1824 356 1891 agri
369 1821 503 1876 Troiaeve
516 1817 658 1891 opulentia
670 1823 766 1877 deerit.

112 1905 166 1974 lpse
176 1909 260 1963 modo
273 1910 392 1978 Aeneas,
406 1911 494 1964 nostri
507 1909 530 1963 si
543 1915 621 1964 tanta
634 1910 734 1978 cupido
747 1915 796 1978 est,

111 1992 136 2046 Si
147 1996 219 2064 iungi
231 1997 356 2066 hospitio
369 2004 502 2066 properat
514 1997 657 2066 sociusque
671 1997 773 2066 vocari,

113 2082 249 2152 Adveniet,
265 2084 360 2138 voltus
371 2101 441 2138 neve
455 2084 633 2138 exhorrescat
646 2085 756 2139 amicos.

111 2168 171 2224 Pars
182 2173 248 2225 mihi
261 2172 341 2242 pacis
353 2173 406 2226 erit
418 2172 544 2226 dextram
557 2171 679 2240 tetigisse
690 2172 812 2240 tyranni.

112 2254 163 2312 Vos
175 2267 270 2315 contra
283 2260 343 2328 regi
356 2275 418 2314 mea
429 2277 503 2314 nunc
515 2259 646 2314 mandata
658 2260 768 2314 referte.

111 2343 155 2399 Est
165 2349 231 2401 mihi
243 2354 320 2414 nata,
334 2350 396 2401 viro
409 2348 498 2416 gentis
512 2365 595 2416 quam
608 2347 722 2416 iungere
736 2356 846 2402 nostrae

113 2431 168 2487 Non
178 2437 268 2505 patrio
282 2452 320 2490 ex
333 2435 418 2502 adyto
431 2440 527 2502 sortes,
543 2451 598 2487 non
613 2434 732 2502 plurima
744 2435 821 2488 caelo

112 2518 225 2577 Monstra
237 2524 349 2588 sinunt;
371 2539 486 2590 generos
500 2522 622 2576 externis
636 2521 733 2576 adfore
745 2523 779 2576 ab
793 2525 855 2590 oris,

113 2604 166 2660 Hoc
177 2608 253 2664 Latio
266 2614 374 2664 restare
388 2613 498 2676 canunt,
515 2609 562 2677 qui
576 2609 708 2676 sanguine
721 2614 847 2662 nostrum

113 2692 209 2751 Nomen
218 2699 247 2750 in
260 2703 340 2752 astra
351 2696 448 2751 ferant.
487 2696 569 2750 Hunc
582 2696 658 2749 illum
671 2713 784 2764 poscere
796 2696 856 2751 fata

113 2779 144 2834 Et
154 2800 219 2852 reor,
233 2790 269 2854 et,
285 2785 309 2838 si
324 2783 389 2853 quid
402 2785 460 2838 veri
474 2801 552 2838 mens
566 2791 693 2853 augurat,
707 2783 799 2852 opt0.'’

113 2866 179 2925 Hace
191 2872 289 2927 effatus
302 2888 389 2941 equos
401 2888 517 2926 numero
528 2876 606 2940 pater
620 2872 698 2940 ehgit
710 2871 822 2925 omni-

114 2955 218 3012 Stabant
229 2965 273 3013 ter
285 2964 399 3014 centum
412 2958 495 3012 nitidi
508 2959 538 3012 in
551 2959 745 3028 praesaepibus
758 2958 874 3026 altis,—

115 3041 239 3101 Omnibus
251 3045 395 3114 extemplo
408 3046 519 3100 Teucris
531 3046 608 3099 iubet
622 3046 718 3100 ordine
732 3046 795 3100 duci

114 3126 236 3188 Instratos
250 3139 328 3188 ostro
342 3131 462 3202 alipedes
476 3133 612 3201 pictisque
624 3133 764 3202 tapetis-

115 3215 198 3274 Aurea
208 3220 370 3289 pectoribus
382 3220 502 3274 demissa
513 3220 628 3274 monilia
641 3220 777 3288 pendent3

115 3301 181 3359 Tecti
193 3324 267 3375 auro,
279 3307 390 3361 fulvum
404 3307 540 3361 mandunt
552 3307 602 3360 sub
616 3305 746 3360 dentibus
759 3324 903 3377 aurum,-

116 3391 221 3448 Abseuti
234 3395 348 3449 Aeneae
362 3411 473 3448 currum
487 3395 666 3462 geminosque
678 3394 776 3462 iugalis

116 3477 213 3535 Semina
226 3483 260 3536 ab
274 3481 408 3548 aetherio,
425 3481 554 3549 spirantis
566 3482 679 3534 naribus
691 3481 791 3549 ignem,

118 3561 216 3620 Illorum
230 3569 368 3637 degente,
384 3568 455 3636 patri
470 3584 540 3635 quos
553 3566 668 3621 daedala
680 3567 761 3622 (lirae
