2730 3936
482 217 626 268 vulturni
649 218 815 268 Auuulnos
839 218 859 268 1.

157 380 241 449 Spem
256 381 334 434 voltu
347 381 465 449 simulat,
480 381 580 450 premit
594 380 680 436 altum
694 380 777 435 corde
790 380 924 436 dolorem.

157 467 201 520 Illi
215 485 245 521 ae
257 467 377 536 praedae
391 469 538 536 accingunt
550 467 721 536 dapibusque
734 468 851 521 suturis:

157 554 282 623 Targora
294 554 436 623 deripiunt
450 555 532 608 costis
545 561 574 608 et
587 555 693 608 viscera
705 553 829 622 nudant3

157 643 229 696 Pars
242 643 272 695 in
285 643 375 696 frusta
388 648 483 696 secant
496 643 661 710 veribusque
674 641 823 695 trementia
835 641 942 710 figunt3

158 731 255 784 Litore
268 737 338 784 aena
349 729 444 783 locant
456 729 510 796 alii,
525 729 704 797 flammasque
717 727 882 783 ministrant.

159 817 231 871 Tum
245 817 319 871 victu
333 823 465 870 revocant
479 816 553 881 viris,
568 817 678 884 fusique
691 832 740 885 per
752 815 866 869 herbam

160 904 316 973 Implentur
328 905 430 958 veteris
443 903 547 958 Bacchi
561 902 723 972 pinguisque
736 902 848 957 ferinae.

159 993 314 1061 Postquam
327 997 457 1060 exempta
467 992 557 1045 fames
570 990 659 1059 epulis
671 1005 835 1058 mensaeque
848 995 980 1058 remotae,

161 1081 288 1133 Amissoe
300 1080 384 1147 longo
397 1079 488 1133 socios
500 1094 629 1132 sermone
642 1077 794 1146 requirunt,

161 1168 302 1236 Spemque
313 1172 473 1236 metumque
485 1166 559 1220 inter
571 1165 657 1234 dubii,
673 1181 720 1218 seu
734 1167 828 1218 vivere
841 1164 964 1232 credant,

162 1255 227 1309 Sive
239 1261 364 1309 extrema
375 1255 435 1323 pati
447 1272 499 1309 nec
513 1255 567 1308 iam
581 1252 713 1308 exaudire
727 1257 847 1305 vocatos.

162 1343 315 1413 Praecipue
328 1343 390 1412 pius
401 1344 512 1396 Aeneas
524 1343 598 1396 nunc
611 1342 682 1396 acris
695 1338 804 1406 Oronti,

163 1430 247 1485 Nunc
260 1431 362 1499 Amyci
375 1447 467 1484 casum
481 1430 567 1498 gemit
580 1434 608 1484 et
621 1427 743 1482 crudelia
757 1441 849 1480 secum

162 1517 233 1572 Fata
245 1517 320 1585 Lyci,
334 1519 491 1586 fortemque
504 1518 593 1584 Gyan,
608 1515 762 1583 fortemque
778 1512 955 1567 Cloanthum.

198 1605 237 1658 Et
247 1605 303 1658 iam
316 1604 379 1658 finis
392 1610 458 1671 erat,
473 1621 534 1658 cum
548 1603 674 1673 luppiter
687 1601 799 1656 aethere
812 1617 921 1654 summo

163 1693 326 1762 Despiciens
338 1709 414 1746 mare
426 1691 575 1746 velivolum
588 1697 729 1759 terrasque
742 1687 857 1742 iacentis

163 1781 313 1849 Litoraque
326 1786 355 1833 et
367 1780 439 1834 latos
453 1778 575 1847 populos,
591 1779 629 1831 sic
643 1777 747 1831 vertice
762 1775 831 1830 caeli

164 1867 298 1922 Constitit
311 1873 339 1920 et
350 1866 455 1934 Libyae
467 1865 561 1919 defixit
573 1865 679 1918 lumina
691 1863 792 1934 regnis.

164 1958 260 2023 Atque
273 1954 351 2007 illum
364 1954 427 2008 talis
439 1953 588 2008 iactantem
600 1960 713 2024 pectore
727 1972 807 2011 curas

163 2041 282 2096 Tristior
294 2047 322 2095 et
334 2041 456 2095 lacrimis
467 2042 562 2096 oculos
574 2042 678 2096 suffusa
691 2045 806 2098 nitentis

164 2129 335 2198 Adloquitur
347 2127 458 2183 Venus:
481 2128 531 2183 “0
544 2130 648 2198 quires
661 2130 859 2202 hominumque
873 2131 1010 2202 deumque

162 2217 296 2270 Aeternis
309 2216 381 2285 regis
393 2215 523 2284 imperiis,
538 2221 567 2270 et
579 2215 692 2272 fulmine
707 2225 803 2286 terres,

162 2303 236 2369 Quid
251 2320 329 2356 meus
341 2303 451 2356 Aeneas
462 2303 492 2357 in
504 2309 533 2357 te
545 2306 719 2360 committere
733 2315 848 2375 tantum,

161 2391 238 2456 Quid
251 2391 338 2444 Troes
349 2394 472 2459 potuere,
487 2391 592 2460 quibus,
607 2398 650 2446 tot
662 2393 760 2448 lunera
774 2395 867 2462 passis,

161 2480 288 2533 Ounctus
301 2479 337 2532 ob
349 2477 459 2532 Italiam
471 2484 607 2534 terrarum
620 2481 758 2535 clauditur
771 2483 869 2537 orbisi

161 2569 247 2621 Oerte
259 2566 325 2620 hinc
338 2565 479 2619 Romanos
491 2566 565 2636 olim,
581 2567 756 2622 volventibus
768 2571 855 2638 annis,

161 2654 237 2708 Hinc
249 2654 309 2707 fore
322 2652 458 2722 ductores,
473 2661 632 2710 revocatos
648 2657 780 2724 sanguine
793 2656 900 2726 Teucri,

161 2742 217 2807 Qui
231 2758 313 2808 mare,
329 2741 375 2809 qni
388 2747 476 2795 terrae
488 2742 564 2795 omni
578 2742 687 2796 dicione
701 2748 836 2810 tenerent,

161 2829 315 2892 Pollicitus,
330 2844 399 2897 quae
412 2833 447 2896 te,
462 2829 579 2897 genitor,
598 2830 735 2884 sententia
747 2832 848 2886 vertiti

161 2917 224 2970 Hoc
237 2916 364 2984 equidem
378 2930 503 2969 occasum
519 2914 617 2970 Troiae
630 2916 772 2985 tristisque
785 2919 878 2972 ruinas

161 3003 285 3069 solabar,
300 3002 364 3056 fatis
376 3003 515 3058 contraria
526 3002 583 3057 iata
596 3004 765 3072 rependens3

162 3089 245 3145 Nunc
259 3091 355 3145 cadem
367 3091 480 3145 fortuna
493 3091 568 3144 viros
580 3097 623 3145 tot
636 3093 744 3146 casibus
756 3098 833 3147 actos

161 3179 329 3248 Insequitur.
368 3178 455 3244 Quem
470 3178 520 3232 dns
532 3177 622 3241 finem,
637 3196 687 3232 rex
699 3197 806 3248 magne,
818 3179 964 3234 laborumi

163 3269 294 3319 Antenor
307 3265 405 3333 potuit,
419 3264 518 3317 mediis
531 3265 638 3334 elapsus
653 3265 775 3334 Achivis,

164 3353 290 3420 Illyricos
302 3357 449 3420 penetrare
462 3351 537 3404 sinus
549 3357 631 3421 atque
644 3353 742 3406 intima
756 3360 832 3407 tutus

164 3441 261 3509 Regna
272 3439 468 3505 Liburnorum,
484 3443 511 3490 et
524 3438 628 3492 fontem
643 3457 772 3508 superare
785 3440 899 3506 Timavi,

164 3527 245 3582 Unde
257 3543 307 3597 per
320 3543 369 3580 ora
381 3540 483 3578 novem
496 3531 573 3580 vasto
586 3515 649 3580 cum
662 3544 803 3581 murmure
816 3527 920 3580 montis
