2656 3940
499 231 637 280 vultum
660 230 826 280 sumnus
848 230 891 280 ln

186 398 222 452 Et
234 398 324 466 fossas
336 395 451 464 implere
464 397 564 463 parunt
577 410 609 446 ac
621 392 723 446 vellere
735 392 848 446 vallum.

187 485 331 550 Quaerunt
343 499 407 552 pars
420 481 533 549 aditum,
549 485 576 533 et
589 479 670 533 scalis
680 479 830 533 ascendere
842 496 945 548 muros,

187 559 248 638 Qua
260 587 323 625 rara
335 575 377 624 est
390 569 464 623 acies
476 567 675 635 interlucetque
688 583 791 620 corona

187 660 252 714 Nou
264 665 321 713 tam
334 657 421 727 spissa
434 656 507 709 viris.
545 654 674 708 Telorum
687 654 831 708 effundere
845 660 943 708 contra

188 748 277 801 Omne
289 762 376 814 genus
389 743 488 797 Teucri
501 759 532 796 ac
544 742 621 794 duris
634 741 782 796 detrudere
795 741 894 810 contis,

188 833 307 889 Adsueti
319 832 403 899 longo
416 847 509 883 muros
521 828 670 882 defendere
683 828 764 882 bello,

188 922 261 976 Saxa
273 936 381 989 quoque
393 918 495 972 infesto
508 917 658 971 volvebant
672 916 803 987 pondere,
819 919 841 972 si
855 936 909 988 qua

188 1010 305 1063 Possunt
317 1012 418 1061 tectam
431 1006 517 1059 aciem
533 1021 727 1074 perrumpere3
750 1025 812 1060 cum
824 1013 916 1062 tamen
931 1008 1019 1061 omnis

189 1097 272 1150 Ferre
284 1096 361 1149 iuvat
374 1095 469 1148 subter
481 1093 566 1151 densa
582 1092 721 1148 testudine
734 1111 819 1149 casus.

189 1184 249 1238 Nec
261 1183 315 1237 iam
329 1181 475 1236 sufficiunt·
513 1180 540 1233 N
541 1198 585 1235 am
601 1205 654 1256 qua
666 1188 765 1256 globus
776 1187 903 1240 imminet
914 1185 1018 1253 ingens,

189 1272 343 1326 Immunem
355 1271 453 1325 Teucri
465 1272 566 1326 molem
583 1275 754 1344 volvuntque
767 1279 912 1343 ruuntque,

191 1359 268 1424 Quae
281 1359 379 1413 stravit
393 1358 512 1413 Rutulos
523 1359 586 1428 late,
601 1379 796 1431 annorumque
808 1360 921 1415 resolvit

190 1446 329 1515 Tegmina.
367 1446 427 1501 Nec
440 1455 540 1503 curant
553 1467 636 1504 caeco
650 1449 817 1504 contendere
830 1448 919 1501 Marto

191 1534 320 1604 Amplius
332 1535 448 1590 audaces
460 1536 564 1606 Rutuli,
580 1538 628 1591 sed
641 1537 744 1607 pellere
757 1537 829 1591 vallo

191 1625 339 1680 Missilibus
352 1630 468 1678 certant.

191 1714 275 1768 Parte
287 1711 340 1765 alia
353 1710 506 1766 horrendus
519 1718 578 1767 visu
594 1713 740 1782 quassabat
751 1712 895 1765 Etruscam

192 1803 291 1855 Pinum
305 1803 333 1852 et
345 1798 492 1862 fumiferos
507 1800 593 1853 infert
606 1800 758 1854 Mezentius
770 1799 856 1867 ignis3

193 1889 232 1942 nt
245 1886 386 1954 Messapus
399 1903 499 1955 equum
514 1888 642 1956 domitor,
658 1887 800 1956 Neptunia
811 1887 909 1955 proles,

192 1977 336 2032 Rescindit
348 1980 450 2033 vallum
463 1983 491 2032 et
504 1976 591 2031 scalas
603 1976 631 2028 in
644 1976 754 2029 moenia
766 1975 864 2044 poscit.

228 2065 296 2135 Vos,
308 2084 325 2120 o
338 2067 468 2136 Calliope,
483 2081 589 2134 precor,
606 2063 725 2132 aspirata
738 2062 856 2130 canenti,

194 2155 267 2221 Quas
279 2156 318 2208 ibi
331 2160 389 2209 tum
403 2156 480 2208 ferro
495 2158 608 2220 strages,
624 2167 693 2219 quae
705 2150 805 2204 funera
816 2148 925 2201 Turnus

99 2301 102 2306 ,
192 2242 326 2311 Ediderit,
341 2259 422 2311 quem
436 2241 549 2310 quisquc
563 2239 651 2292 virum
665 2237 807 2291 demiserit
820 2235 910 2303 Orcc;

192 2329 229 2384 Et
242 2347 349 2384 mecum
362 2330 482 2398 ingentis
495 2345 557 2382 crus
569 2326 689 2380 evolvite
702 2325 775 2379 belli.

194 2419 241 2486 [Et
253 2419 415 2472 meministis
427 2418 509 2485 enirn,
527 2416 614 2482 divae,
629 2421 657 2467 et
670 2428 823 2466 memorare
834 2409 970 2480 potestis]

228 2506 322 2558 Turris
334 2510 393 2559 erat
408 2512 485 2558 vasto
498 2507 624 2572 suspectu
639 2506 667 2554 et
680 2500 811 2569 pontibus
823 2498 893 2563 altis,

194 2593 359 2661 Opportuna
371 2591 440 2659 loco,
456 2593 569 2644 summis
583 2605 663 2659 quarn
678 2587 783 2640 viribus
795 2601 891 2640 omnes

193 2679 359 2749 Expugnare
372 2681 435 2735 Itali
448 2697 607 2750 summaque
622 2683 747 2732 evertere
760 2692 844 2744 opum
857 2674 885 2727 vi

195 2769 359 2834 Certabant3
383 2770 467 2823 Troes
479 2779 577 2824 contra
590 2769 740 2823 defendere
753 2764 825 2819 saxis

194 2855 302 2925 Perque
315 2874 396 2911 cavas
408 2857 486 2910 densi
498 2858 553 2911 tela
565 2858 725 2924 intorquere
738 2855 882 2908 fenestras.

194 2943 326 3012 Princeps
339 2944 480 2998 ardentem
494 2945 612 2998 coniecit
624 2944 753 3012 lampada
765 2940 880 3004 Turnus,

194 3031 229 3084 Et
242 3031 380 3086 fiarumam
394 3031 491 3085 adfixit
502 3031 597 3096 lateri;
619 3049 688 3100 quae
702 3030 821 3098 plurima
832 3031 916 3080 vento

194 3118 336 3187 Corripuit
348 3118 456 3173 tabulas
469 3127 498 3172 et
508 3119 634 3188 postibus
647 3118 736 3171 haesit
749 3115 846 3170 adesis.

195 3205 307 3259 Turbati
321 3206 458 3274 trepidare
470 3207 552 3272 intus,
568 3207 724 3273 frustraque
737 3203 872 3258 malorum

195 3291 274 3345 Velle
287 3293 390 3360 fugam.
429 3291 501 3344 Duru
516 3309 544 3346 se
557 3293 718 3357 glomerant,
733 3297 863 3358 retroque
876 3286 1001 3342 residunt

194 3377 227 3430 In
241 3384 356 3446 partem,
372 3396 440 3446 quae
453 3386 529 3446 peste
542 3387 624 3444 caret,
640 3389 698 3432 tum
711 3377 834 3446 pondere
847 3375 931 3429 turris

195 3464 347 3517 Procubuit
360 3464 459 3530 subito,
473 3471 501 3517 et
514 3465 617 3518 caelum
632 3469 711 3518 tonat
723 3480 805 3518 omne
817 3463 936 3531 fragore.

194 3550 351 3604 Semineces
363 3548 397 3603 ad
410 3555 520 3618 terram,
535 3551 648 3604 irnmani
663 3551 734 3604 mole
747 3557 849 3618 secuta,
