2656 3940
538 841 566 910 P.
582 841 722 910 llllldlll
743 839 894 910 llhlldlllS

454 1023 979 1146 66661666

548 1221 683 1282 LIBER
711 1221 871 1281 NONUS.

632 1403 800 1413 .-.—-—-—-

209 1518 301 1588 Atque
313 1536 345 1574 ea
357 1518 466 1573 diversa
478 1518 589 1588 penitus
603 1517 669 1570 dum
683 1519 764 1584 parte
777 1518 917 1581 geruntur,

209 1607 274 1660 Irim
287 1607 322 1661 (16
334 1607 411 1661 66616
424 1607 499 1660 misit
512 1605 642 1660 Saturnia
656 1605 726 1657 Iuno

208 1693 350 1748 Audacem
364 1694 399 1748 ad
412 1694 543 1747 Turnum.
582 1692 657 1746 Luco
670 1697 728 1745 tum
743 1691 818 1744 forte
832 1687 956 1758 parentis

207 1781 329 1834 Pilumni
341 1781 449 1834 Turnus
461 1786 567 1834 sacrata
580 1780 651 1834 valle
664 1778 785 1832 sedebat.

209 1868 253 1921 Ad
267 1885 348 1938 quem
361 1869 399 1922 sic
412 1885 493 1922 roseo
505 1867 702 1922 Thaumantias
715 1882 763 1919 ore
776 1865 869 1918 locuta
882 1870 938 1916 est:

210 1959 227 1986 ‘⁴
235 1956 334 2025 Turne,
349 1956 423 2025 quod
436 1956 544 2024 optanti
557 1955 651 2008 divom
663 1955 828 2023 promittere
840 1967 922 2003 nemo

146 2038 150 2044 ’
209 2044 341 2110 Anderet,
356 2043 493 2096 volvenda
504 2043 570 2110 dies,
587 2059 630 2110 en,
645 2041 738 2096 attulit
750 2039 833 2092 ultro.

209 2135 325 2200 Aeneas,
340 2116 408 2184 urbe
421 2136 449 2184 et
462 2131 543 2200 sociis
555 2135 583 2184 et
596 2130 682 2183 classe
697 2127 802 2194 relicta,

209 2221 324 2290 Sceptra
336 2218 456 2272 Palatini
470 2218 615 2286 sedemque
627 2217 698 2286 petit
711 2217 850 2282 Euandri;

209 2307 268 2362 Nec
281 2309 360 2361 satis:
382 2311 519 2359 extremas
532 2305 649 2370 Corythi
661 2306 818 2373 penetravit
831 2303 865 2358 ad
878 2303 967 2370 urbes,

209 2393 403 2462 Lydorumque
415 2409 527 2446 manum
540 2392 671 2446 collectos
684 2397 773 2446 armat
787 2391 910 2460 agrestis.

210 2483 283 2548 Quid
295 2481 423 2535 dubitasl
442 2497 515 2534 nunc
528 2486 636 2548 tempus
650 2495 741 2548 66666,
755 2496 830 2532 nunc
843 2494 957 2547 poscere
969 2492 1075 2530 currus.

209 2570 318 2638 Rumpe
331 2584 421 2621 moras
434 2568 524 2620 omnis
537 2575 564 2620 et
577 2567 689 2620 turbata
701 2567 792 2634 arripe
804 2565 921 2620 castre.'’

210 2657 295 2724 Dixit,
311 2661 339 2709 et
351 2655 380 2707 in
393 2655 498 2708 caelum
513 2655 624 2722 paribus
636 2672 665 2708 se
678 2654 790 2708 sustulit
803 2653 860 2722 6116,

209 2745 407 2812 lugentemque
420 2743 486 2810 iuga
499 2743 586 2795 secuit
600 2743 650 2796 sub
663 2742 783 2796 nubibus
796 2758 898 2795 areum.

210 2831 334 2900 Agnovit
345 2830 460 2896 invenis,
475 2830 645 2899 duplicisque
659 2829 693 2884 ad
708 2829 799 2882 sidere
810 2829 917 2898 palmas

210 2918 334 2980 Sustulit,
350 2935 380 2971 ac
393 2918 442 2971 tali
454 2917 605 2985 fugientem
618 2922 660 2970 est
672 2934 740 2970 voce
753 2922 877 2970 secutus:

212 3011 227 3036 “
236 3008 282 3075 Iri,
297 3007 381 3060 decus
394 3005 470 3074 66611,
487 3007 588 3074 quiete
601 3005 671 3058 mihi
683 3005 803 3059 nubibus
815 3009 904 3058 aetem

210 3094 318 3148 Detulit
330 3094 359 3146 in
372 3093 479 3146 terrosi
500 3092 572 3146 unde
584 3092 653 3146 haec
666 3098 720 3145 tarn
735 3091 807 3145 clara
820 3099 935 3160 repente

210 3183 387 3249 Tempestas?
406 3180 529 3234 medium
542 3179 624 3232 video
637 3179 778 3232 discedere
789 3178 904 3240 caelum,

211 3268 385 3336 Palantisque
397 3267 462 3336 polo
475 3267 578 3320 6161166.
614 3265 721 3334 Sequor
732 3266 827 3319 omina
837 3271 923 3332 16616,

211 3354 340 3423 Quisquis
351 3354 381 3406 in
395 3352 594 3406 ar·mavocas.’‘
631 3351 668 3405 Et
677 3353 716 3406 616
729 3353 827 3406 effatus
841 3352 876 3406 ad
888 3351 990 3405 undam

211 3442 358 3505 Processit,
372 3455 533 3508 summoque
546 3439 638 3493 hausit
650 3440 684 3492 de
698 3440 807 3508 gurgite
819 3439 953 3508 lymphae,

212 3525 303 3580 Multa
312 3525 380 3578 (1666
392 3541 481 3592 orans,
496 3525 675 3594 oneravitque
689 3526 803 3580 aethera
814 3525 894 3580 votis.
