2706 3938
509 205 645 255 vulturni
669 203 834 253 salamnus
857 203 901 252 VI.

198 367 309 437 Ignibus
321 367 439 436 imponit
451 366 543 434 saeris,
558 366 690 420 libamina
701 364 798 434 prima,

197 455 275 509 Voee
288 472 389 510 voeans
402 455 535 519 Hecaten,
551 453 689 522 Caeloque
701 453 845 522 Ereboque
858 459 1009 521 potentem.

197 542 360 611 Supponunt
371 541 418 595 alii
431 540 542 608 cultros,
557 540 736 609 tepidumque
749 556 872 594 eruorem

197 630 355 698 Suscipiunt
367 628 477 697 pateris.
516 627 578 697 lpse
592 628 645 682 atri
659 628 768 681 velleris
781 644 879 696 agnam

196 718 306 771 Aeneas
319 716 401 770 matri
414 715 600 769 Eumenidum
613 733 783 785 magnaeque
795 715 885 770 sorori

197 803 269 857 Ense
281 803 353 867 ferit,
369 803 544 872 sterilemque
558 804 618 871 tibi,
633 803 808 872 Proserpina,
822 819 944 856 vaenum.

197 890 265 943 Tum
278 889 376 959 Stygio
389 890 446 958 regi
460 897 612 945 nocturnas
625 891 739 944 incohat
751 906 819 954 aras,

196 977 233 1030 Et
245 977 333 1032 solida
344 977 463 1046 imponit
476 983 620 1032 taurorum
636 979 742 1032 viscera
753 977 877 1044 flammis,

197 1065 301 1134 Pingue
314 1082 396 1134 super
408 1065 499 1120 oleum
513 1066 665 1119 infundens
679 1065 841 1120 ardentibus
853 1064 933 1118 extis.

195 1152 268 1206 Eoos
281 1161 380 1222 autem,
394 1153 477 1222 primi
490 1154 541 1207 sub
554 1153 658 1207 lumina
671 1153 736 1206 solie
749 1158 778 1206 et
790 1159 866 1206 ortus

197 1241 253 1294 Sub
265 1241 382 1309 pedibus
394 1241 500 1309 mugire
513 1241 610 1308 solum,
626 1246 654 1294 et
666 1241 731 1309 iuga
742 1245 842 1308 ooepta
853 1239 958 1292 moveri

196 1327 340 1396 Silvarum,
357 1329 485 1397 visaeque
498 1345 579 1382 canes
591 1327 697 1381 ululare
709 1344 760 1396 per
771 1327 905 1388 umbram,

197 1415 375 1470 Adventante
388 1416 447 1469 dea.
487 1414 614 1469 “Procul
627 1432 651 1481 o,
665 1414 763 1484 prooul
777 1422 842 1480 este,
854 1410 994 1482 profani,”

197 1502 359 1556 Conclamat
373 1508 457 1570 vates,
474 1503 616 1571 “totoque
629 1503 753 1556 absistite
764 1502 844 1569 lu003

197 1588 291 1658 Tuque
304 1589 404 1643 invade
416 1590 497 1658 viam,
514 1591 667 1659 vaginaque
679 1589 756 1659 eripe
768 1590 889 1656 lenum3

196 1675 224 1727 N
225 1693 278 1730 uno
291 1677 390 1730 animis
402 1694 478 1746 opus,
494 1678 597 1744 Aenea,
611 1693 686 1730 nuno
698 1681 812 1744 pectore
824 1674 934 1729 firmo.”

196 1763 314 1817 Tantum
328 1765 417 1831 effata,
431 1766 525 1819 furens
538 1769 618 1818 antro
631 1781 660 1817 se
671 1763 786 1816 immisit
799 1769 913 1831 apert03

196 1850 246 1904 llle
259 1852 357 1906 ducam
369 1852 442 1906 haud
455 1852 560 1906 timidis
573 1851 721 1905 vadentem
734 1851 859 1919 passibus
871 1856 979 1918 aequat.

231 1937 275 2004 Di,
290 1940 388 2009 quibus
400 1940 545 2008 imperium
559 1944 603 1993 est
618 1935 779 2005 animarum,
796 1937 971 2005 Umbraeque
984 1936 1106 2004 silentes,

195 2023 232 2078 Et
245 2025 344 2094 Chaos,
359 2033 388 2080 et
399 2026 579 2095 Phlegethon,
593 2026 655 2079 loea
667 2032 749 2078 noeto
762 2025 881 2078 tacentia
893 2025 956 2092 late,

196 2111 237 2166 Sit
249 2114 317 2166 mihi
330 2113 371 2168 fas
383 2114 478 2168 audita
489 2114 563 2182 loqui
574 2133 580 2180 ;
602 2114 638 2166 sit
650 2113 763 2166 numine
775 2118 869 2166 vestro

195 2199 319 2254 Pandere
332 2219 376 2255 res
387 2201 443 2255 alta
454 2207 530 2254 terra
542 2206 572 2255 et
584 2200 700 2268 ealigine
713 2215 824 2254 mersas.

231 2287 313 2342 Ibant
326 2289 435 2343 obscuri
449 2289 508 2342 sola
521 2289 572 2342 sub
585 2296 666 2343 noete
679 2305 730 2355 per
742 2288 877 2357 umbram,

195 2373 303 2444 Perque
316 2375 414 2428 domos
426 2375 499 2428 Ditis
513 2392 613 2429 vacuas
626 2379 654 2428 et
666 2375 759 2428 inania
772 2391 869 2443 regna:

196 2462 282 2527 Quale
294 2479 344 2532 per
356 2463 489 2516 incertam
502 2462 596 2516 lunam
612 2462 662 2515 sub
674 2462 735 2516 luoe
747 2461 868 2530 maligna

195 2549 246 2602 Est
258 2549 309 2603 iter
322 2550 351 2603 in
365 2550 447 2617 silvis,
463 2551 510 2604 ubi
525 2549 631 2604 caelum
645 2549 767 2604 condidit
779 2550 879 2604 umbra

195 2635 328 2706 Iuppiter,
343 2644 372 2692 et
384 2640 466 2692 rebus
479 2654 534 2692 nox
548 2638 662 2692 abstulit
675 2644 735 2692 atra
748 2638 876 2693 eolorem.

195 2724 372 2779 Vestibulum
386 2730 450 2780 ante
462 2727 551 2795 ipsum
565 2726 715 2794 primisque
726 2726 754 2778 in
768 2725 895 2780 faucibus
907 2725 972 2780 Oroi

195 2812 298 2866 Luctus
310 2817 339 2866 et
351 2813 463 2868 ultrices
476 2831 592 2882 posuere
606 2813 706 2867 eubilia
720 2812 823 2879 (lurae3

195 2900 388 2970 Pallentesque
399 2901 527 2955 habitant
539 2901 636 2969 Morbi,
652 2901 793 2970 tristisque
805 2901 946 2963 Senectus,

194 2988 230 3041 Et
242 2988 341 3058 Metus,
357 2995 385 3042 et
398 2988 554 3043 malesuada
566 2989 672 3057 Fames,
688 3005 720 3042 ae
731 2989 821 3058 turpis
834 2989 954 3057 Egestas,

195 3073 341 3130 ll'erribiles
354 3076 414 3130 visu
426 3077 541 3142 formae,
557 3075 718 3145 Letumque,
734 3076 894 3146 Labosque;

195 3160 262 3214 Tum
276 3164 496 3232 consanguineus
509 3164 570 3217 Leti
584 3163 679 3232 Sopor,
696 3168 724 3217 et
736 3165 808 3218 mala
820 3165 921 3218 mentis

195 3250 310 3318 Gaudia,
325 3251 553 3320 mortiferumque
566 3251 683 3306 adverso
695 3252 724 3304 in
737 3251 831 3305 limine
842 3251 957 3318 Bellum,

195 3335 341 3405 Ferreique
355 3338 537 3392 Eumenidum
554 3339 678 3406 thalami,
693 3342 722 3392 st
734 3338 878 3392 Diseordia
890 3338 1009 3407 demens,

197 3419 346 3489 Vipereum
360 3425 463 3478 orinem
477 3425 554 3478 vittis
566 3426 669 3479 innexa
681 3426 811 3480 eruentis.

230 3505 264 3566 ln
276 3510 367 3565 medio
379 3527 472 3564 ramos
483 3527 641 3580 annosaque
658 3512 787 3566 braeehia
798 3512 896 3581 pandit
