2706 3938
456 220 593 270 venerut
616 221 781 270 AENEIDOS
804 221 835 270 V.

137 384 186 438 Hic
198 384 332 437 membris
346 387 375 436 et
388 382 461 436 mole
473 384 582 451 valens3
603 383 652 436 sed
664 382 746 436 tarda
758 382 889 436 trementi
946 395 949 409 ·

135 469 231 524 Genua
243 470 348 537 labant,
365 475 458 524 vastos
466 469 560 538 quatit
579 485 660 538 aeger
673 469 812 524 anhelitus
823 473 907 523 artus

134 557 222 611 Multa
234 557 286 610 viri
300 557 468 626 nequiquam
482 557 555 610 inter
568 573 597 610 se
610 557 724 610 volnera
737 557 849 620 iactant,

133 642 222 696 Multa
233 659 304 696 cavo
315 641 397 695 lateri
410 643 582 710 ingeminant
594 647 623 696 et
635 647 748 711 pectore
761 645 855 694 vastos

133 730 208 784 Dant
221 731 337 798 sonitus,
352 735 480 798 erratque
494 730 568 784 auris
581 741 609 784 et
622 735 749 798 tempora
761 728 865 782 circum

133 817 239 871 Crebra
251 833 357 885 manne,
371 817 441 870 duro
454 817 592 886 crepitant
604 817 655 870 sub
669 817 780 870 volnere
792 816 891 871 malae.

132 905 194 959 Stat
206 905 299 972 gravis
311 904 438 958 Entellus
450 904 565 973 nisuque
579 905 711 957 immotus
724 902 828 970 eodem,

132 993 258 1061 Corpore
271 992 329 1046 tela
341 992 424 1045 ruodo
437 997 519 1060 atque
533 992 618 1045 oculis
632 990 809 1059 vigilantibus
821 990 895 1058 exit3

131 1079 190 1149 Ille,
206 1080 284 1132 velut
296 1079 395 1132 celsam
409 1083 551 1148 oppugnat
564 1079 611 1148 qui
624 1078 743 1132 molibus
755 1079 861 1144 urbem,

131 1168 190 1220 Aut
203 1173 339 1221 montana
350 1166 427 1220 sedet
439 1167 544 1221 circum
557 1166 670 1220 castella
682 1165 733 1218 sub
742 1164 834 1232 armis,

131 1255 214 1310 Nunc
227 1255 288 1322 hos,
302 1270 377 1316 nunc
389 1255 451 1307 illos
464 1255 563 1322 aditus,
579 1269 743 1322 omnemque
757 1256 883 1320 pererrat

129 1343 202 1398 Arte
215 1343 317 1408 locum,
332 1347 360 1396 et
373 1343 456 1396 variis
468 1341 621 1396 adsultibus
636 1340 737 1392 inritus
749 1346 836 1407 urget.

131 1430 264 1484 Ostendit
277 1429 401 1483 dextram
413 1431 559 1498 insurgens
572 1428 698 1482 Entellus
712 1433 740 1480 et
753 1427 808 1480 alte

129 1517 257 1570 Extulit:
279 1517 327 1570 ille
338 1517 424 1570 ictum
439 1519 594 1570 venientem
608 1515 741 1570 avertice
754 1513 836 1568 velox

129 1603 283 1672 Praevidit,
298 1604 434 1674 celerique
444 1605 551 1672 elapsus
564 1619 679 1672 corpore
693 1601 790 1670 cessit3

129 1693 261 1746 Entellus
273 1692 340 1746 viris
353 1693 381 1745 in
394 1698 508 1745 ventum
521 1692 627 1757 effudit,
642 1696 670 1744 et
683 1690 758 1744 ultro

128 1781 193 1850 lpse
207 1781 300 1849 gravis
314 1781 488 1848 graviterque
501 1779 535 1833 ad
548 1785 651 1833 terram
664 1778 787 1847 pondere
803 1781 881 1832 vasto

129 1868 280 1923 Concidit:
301 1878 332 1922 nt
345 1868 483 1936 quondam
502 1885 571 1922 cava
583 1867 704 1922 concidit
716 1872 763 1920 aut
776 1865 950 1934 Erymantho

132 1957 190 2009 Aut
203 1955 255 2009 Ida
268 1956 298 2008 in
311 1971 410 2023 magna
422 1955 560 2008 radicibus
572 1960 651 2010 eruta
662 1956 750 2024 pinus.

130 2043 314 2111 Consurgunt
326 2042 423 2096 studiis
435 2042 534 2096 Teucri
547 2049 575 2096 et
587 2043 727 2097 Trinacria
744 2044 844 2112 pubes;

129 2131 157 2185 It
170 2130 276 2185 elamor
289 2130 373 2199 caelo,
389 2131 547 2199 primusque
560 2130 678 2184 accurrit
693 2130 817 2197 Acestes,

131 2218 369 2287 aequaevumque
382 2217 416 2271 ab
429 2217 515 2272 humo
527 2218 662 2271 miserans
675 2217 778 2272 attollit
791 2218 918 2285 amicum.

131 2306 170 2358 At
185 2322 242 2359 non
255 2305 381 2358 tardatus
394 2321 458 2359 casu
470 2321 560 2373 neque
573 2305 689 2359 territus
703 2307 783 2358 heros

130 2394 234 2446 Aerior
248 2393 283 2446 ad
297 2408 416 2460 pugnam
430 2392 508 2455 redit,
524 2409 556 2445 ac
570 2393 625 2444 vinr
640 2394 756 2446 suscitat
769 2393 825 2462 ira3

132 2481 200 2534 Tum
214 2480 307 2549 pudor
318 2479 443 2532 incendit
457 2479 521 2533 viris
535 2484 563 2532 et
575 2480 684 2533 conscia
697 2481 799 2548 virtus,

132 2567 370 2635 Praecipitemque
383 2566 476 2620 Daren
490 2566 588 2620 ardens
600 2567 658 2634 agit
672 2583 790 2635 aequore
803 2571 871 2635 toto,

132 2653 215 2708 Nunc
228 2655 327 2708 dextra
339 2653 512 2721 ingeminans
524 2653 603 2720 ictus,
618 2670 693 2707 nunc
707 2653 752 2706 ille
766 2654 890 2720 sinistra3

131 2742 159 2795 N
160 2758 193 2797 ec
206 2758 293 2806 mora,
308 2757 359 2794 nec
371 2741 492 2810 requies:
514 2758 596 2810 quam
609 2740 697 2796 multa
708 2741 842 2809 grandine
855 2741 944 2794 nimbi

132 2829 309 2884 Culminibus
321 2829 467 2897 crepitant,
485 2829 524 2881 sic
538 2828 630 2882 densis
645 2828 746 2882 ictibus
759 2827 841 2880 heros

132 2918 238 2972 Creber
251 2923 368 2986 utraque
380 2933 464 2970 mann
478 2916 570 2984 pulsat
583 2921 728 2984 versatque
742 2914 855 2970 Dareta.

132 3005 201 3058 Tum
214 3013 295 3074 pater
308 3004 418 3057 Aeneas
430 3003 582 3072 procedere
594 3003 704 3071 longius
717 3003 773 3056 iras

132 3093 168 3146 Et
181 3092 287 3147 saevire
301 3091 400 3146 animis
411 3090 552 3144 Entellum
566 3090 641 3144 baud
654 3107 749 3158 passus
761 3089 876 3159 acerbis,

130 3180 187 3234 Sed
198 3180 284 3233 finem
297 3179 430 3248 imposuit
443 3194 558 3247 pugnae,
573 3179 729 3246 fessumque
741 3177 846 3230 Dareta

132 3268 250 3337 Eripuit,
265 3267 391 3321 mulcens
404 3266 493 3333 dictis,
508 3282 540 3318 ac
553 3265 619 3318 talia
631 3265 723 3318 latur:

134 3358 151 3384 “
159 3355 267 3420 Infelix,
283 3371 354 3423 qnae
367 3359 447 3407 tanta
459 3353 582 3406 animum
595 3351 734 3404 dementia
746 3350 839 3418 cepitl

133 3441 196 3496 Non
208 3443 274 3496 viris
288 3442 355 3497 alias
373 3456 560 3508 conversaque
573 3438 688 3491 numina
700 3437 801 3490 sentiet

134 3529 206 3584 Cede
219 3529 301 3585 deo.’'
339 3528 474 3596 Dixitque
487 3531 515 3579 et
528 3525 632 3594 proelia
644 3541 712 3578 voce
725 3523 846 3578 diremit.
