2734 3936
512 241 650 291 VERGILI
674 240 803 290 eunoun
825 240 858 290 ΙΙ.

179 406 224 461 Nil
238 407 325 460 nostri
338 406 486 460 miserere?
505 405 575 459 mori
589 421 634 458 me
646 404 765 473 denique
777 420 868 470 coges.

178 493 260 547 Nunc
273 493 356 547 etiam
369 492 489 560 pecudes
501 492 613 544 umbras
626 497 654 544 ct
666 491 770 559 frigora
782 494 911 558 captant3

179 580 204 632 N
207 597 260 633 unc
272 580 368 633 viridis
381 583 465 634 eham
479 579 620 633 occultant
633 579 740 646 spineta
753 578 879 645 lacertos,

178 666 314 734 Thestylis
327 671 355 720 et
368 666 465 735 rapido
478 666 558 719 fessis
570 665 737 718 messoribus
750 671 826 717 aestu

179 755 254 808 Allia
266 753 470 826 serpyllumque
483 753 583 807 herbas
596 752 743 806 contundit
756 750 864 804 olentis.

178 843 218 895 At
230 857 338 895 mecum
352 843 448 908 raucis,
464 845 513 893 tua
525 840 591 892 dum
606 839 719 905 vestigia
731 838 826 905 lustro,

178 928 241 981 Sole
255 929 304 981 sub
318 927 426 981 ardenti
441 935 572 980 resonant
585 927 696 979 arbusta
709 925 817 978 cicadis.

179 1016 278 1069 Nonne
290 1016 342 1068 fuit
355 1015 448 1083 satius,
463 1015 551 1068 tristis
564 1012 744 1080 Amaryllidis
756 1013 811 1065 iras

179 1104 272 1171 Atque
285 1103 402 1171 superba
414 1103 470 1171 pati
486 1101 612 1155 fastidiat
634 1116 725 1153 nonne
739 1099 890 1167 Menalcan,

178 1191 311 1256 Quamvis
323 1190 369 1243 ille
381 1190 467 1258 niger,
483 1189 607 1257 quamvis
620 1195 651 1240 tu
663 1186 796 1240 candidus
809 1186 898 1240 essesl

179 1278 203 1330 Ο
215 1279 335 1330 formose
348 1293 422 1344 puer,
437 1277 552 1328 nimium
565 1291 601 1328 ne
614 1274 695 1327 crede
708 1273 808 1327 colori!

179 1363 251 1416 Alba
263 1363 379 1431 ligustra
391 1362 500 1429 cadunt,
516 1362 639 1415 vaccinia
652 1361 730 1428 nigra
743 1361 879 1428 leguntur.

179 1451 331 1519 Despectus
343 1451 393 1502 tibi
407 1466 476 1514 sum,
490 1465 550 1515 nec,
565 1449 610 1517 qui
624 1449 684 1514 sim,
699 1448 815 1516 quaeris,
830 1447 920 1515 Alexi,

179 1538 267 1603 eram
281 1537 357 1590 dives
370 1537 484 1605 pecoris
498 1536 573 1588 nivei
586 1552 667 1604 quam
680 1535 760 1588 lactis
773 1534 931 1598 abundans3

179 1626 254 1679 Mille
267 1641 345 1678 meae
357 1624 456 1677 Siculis
470 1629 562 1676 errant
574 1624 602 1676 in
617 1623 758 1676 montibus
771 1637 871 1688 agnac3

178 1713 232 1768 Lac
245 1713 312 1765 mihi
326 1728 380 1764 non
396 1716 500 1764 aestate
513 1726 624 1776 novum,
639 1725 696 1762 non
708 1709 812 1778 frigore
825 1707 900 1761 defit.

178 1801 276 1864 Oant0,
292 1815 361 1867 qnae
375 1798 478 1865 solitus,
493 1798 515 1850 si
529 1797 638 1866 qnando
651 1801 776 1850 armenta
789 1795 914 1861 vocabat,

178 1887 322 1955 Amphion
335 1885 467 1939 Dircaeus
480 1885 507 1937 in
522 1885 628 1938 Actaeo
640 1883 812 1950 Aracyntho.

178 1974 237 2028 Nec
250 1991 310 2026 sum
324 1973 393 2027 adeo
406 1972 546 2026 informis:
568 1987 655 2039 nuper
667 1970 751 2024 mein
765 1970 846 2024 litore
859 1969 923 2037 vidi,

179 2063 248 2115 Cum
261 2061 398 2129 placidum
413 2060 502 2113 ventis
515 2065 601 2112 staret
613 2074 704 2125 mare;
726 2074 781 2111 non
794 2074 844 2125 ego
859 2055 1007 2126 Daphnim,

178 2149 271 2202 Iudice
284 2156 320 2215 te,
334 2153 465 2210 metuam,
481 2146 503 2198 si
517 2161 665 2214 numquam
679 2144 752 2199 fallit
764 2144 862 2212 imago

179 2236 202 2289 Ο
216 2242 324 2290 tantum
338 2235 423 2288 libeat
435 2250 543 2286 mecum
556 2233 607 2285 tibi
619 2232 730 2285 sordida
742 2249 806 2285 rura

179 2326 271 2391 Atque
284 2321 396 2375 humilis
406 2321 534 2375 habitare
547 2337 632 2387 casas,
647 2325 676 2373 et
688 2319 773 2387 figere
785 2335 888 2384 cervos,

179 2411 392 2478 Haedorumque
405 2426 516 2477 gregem
529 2408 610 2460 viridi
624 2407 789 2476 compellere
801 2407 921 2460 hibiscol

178 2585 237 2638 Pan
250 2585 353 2652 primus
366 2583 485 2636 calamos
497 2599 561 2636 cera
573 2583 740 2650 coniungere
753 2581 839 2648 pluris

180 2672 317 2738 Instituit,
338 2671 397 2724 Pan
410 2677 488 2724 curat
501 2670 560 2723 ovis
573 2669 721 2737 oviumque
734 2669 888 2736 magistros,

179 2759 238 2813 Nec
252 2770 279 2812 te
292 2759 431 2826 paeniteat
443 2757 549 2811 calamo
560 2757 669 2809 trivisse
682 2755 826 2809 labellum:

179 2847 254 2900 Haec
267 2847 360 2899 eadem
374 2850 405 2898 ut
419 2846 508 2908 sciret,
524 2843 588 2912 quid
601 2860 658 2897 non
671 2843 792 2896 faciebat
805 2841 960 2907 Amyntas?

178 2934 229 2986 Est
241 2934 308 2985 mihi
321 2932 474 3000 disparibus
487 2941 590 2999 septem
606 2935 749 2998 compacta
761 2929 860 2983 cicutis

178 3019 291 3087 Fistula,
307 3019 456 3072 Damoetas
468 3017 542 3071 dono
555 3017 622 3070 mihi
638 3033 720 3084 quam
733 3015 810 3069 dedit
823 3015 894 3081 olim,

178 3107 214 3159 Et
227 3107 298 3160 dixit
310 3106 444 3159 moriens:
468 3104 530 3157 “Te
543 3121 617 3156 nunc
629 3103 714 3156 habet
726 3105 780 3157 ista
793 3099 973 3156 secundum.'’

178 3194 256 3247 Dixit
269 3193 432 3255 Damoetas3
453 3191 554 3243 invidit
567 3190 667 3243 stultus
680 3191 826 3256 Amyntas.

178 3283 324 3336 Praeterea
336 3281 399 3341 duo,
413 3295 465 3331 nec
477 3283 540 3331 tuta
551 3277 620 3329 mihi
634 3275 705 3329 valle
716 3276 829 3343 reperti.

179 3369 312 3438 Oapreoli,
327 3368 428 3436 sparsis
440 3367 524 3420 etiam
538 3381 611 3417 nunc
623 3362 740 3430 pellibus
753 3361 824 3428 albo,

179 3455 249 3510 Bina
261 3456 305 3508 die
318 3455 422 3508 siccant
435 3453 494 3505 ovis
508 3453 607 3515 ubera3
629 3467 697 3518 quos
710 3450 760 3501 tibi
774 3465 863 3503 servo.

179 3543 236 3598 lam
248 3541 356 3611 pridem
369 3557 385 3594 a
398 3556 441 3593 mo
455 3539 516 3592 illos
528 3537 664 3592 abducere
677 3535 815 3604 Thestylis
827 3541 902 3604 orat3
