2730 3936
516 221 654 270 VERGlLl
677 221 865 270 usonclcort
888 220 933 270 1v.

214 381 367 448 (lonstitue,
381 387 410 436 et
422 399 530 436 sacrum
543 382 642 450 iugulis
654 382 769 436 demitte
782 399 916 451 cruorem,

213 468 392 538 Oorporaque
404 470 465 537 ipsa
476 469 559 522 boum
571 469 706 522 frondoso
718 469 813 522 desere
825 469 897 523 luco.

213 556 288 622 Post,
303 557 350 610 uhi
362 572 438 610 nona
449 572 513 609 suos
526 556 636 610 Aurora
648 557 802 610 ostenderit
814 562 899 625 ortus,

213 642 330 696 Inferias
343 643 447 711 Orphei
461 643 582 697 Lethaea
594 660 733 713 papavera
744 644 845 711 mittes,

213 729 250 783 Et
262 731 369 797 nigram
382 731 518 784 mactabis
530 747 619 799 ovem,
634 731 781 800 lucumque
793 732 911 784 revises:

213 815 354 871 Placatam
366 817 523 885 Eurydicen
535 818 623 872 vitula
635 818 803 872 venerabere
816 817 921 872 oaesa.’'

249 904 331 957 Haud
342 921 434 959 mora:
455 905 588 959 continuo
600 906 698 959 matris
711 914 858 974 praacepta
870 905 999 972 facessit;

213 977 259 1044 A'd
272 991 388 1046 delubra
399 992 484 1060 venit,
498 997 665 1046 monstratas
678 992 781 1045 excitat
793 1008 863 1060 aras,

214 1078 351 1144 Quattuor
364 1079 479 1132 eximios
490 1079 642 1148 praestanti
655 1095 770 1148 corpore
782 1086 876 1133 tauros

213 1165 304 1233 Ducit,
319 1171 348 1220 et
359 1166 465 1220 intacta
476 1165 594 1220 totidem
607 1166 714 1220 cervice
726 1166 865 1221 iuvencae.

213 1253 287 1320 Post,
301 1255 348 1308 uhi
361 1271 436 1307 nona
448 1270 511 1307 suos
523 1254 635 1307 Aurora
648 1253 795 1308 induxerat
808 1260 893 1323 ortus,

213 1339 328 1394 Inferias
341 1339 445 1409 Orphei
456 1340 552 1408 mittit,
566 1340 713 1409 lucumque
726 1342 831 1396 revisit.

213 1427 267 1480 Hic
279 1442 346 1480 vero
359 1427 480 1481 subitum
493 1443 524 1480 ao
537 1426 614 1480 dictu
628 1428 753 1482 mirabile
765 1434 920 1483 monstrum

213 1513 368 1583 Aspiciam,
383 1514 534 1584 liquefacta
548 1517 629 1569 boum
642 1532 692 1584 per
704 1516 810 1570 viscera
821 1521 883 1570 toto

214 1599 336 1655 Stridere
349 1617 414 1670 apes
426 1607 506 1655 utero
519 1607 548 1656 et
561 1603 650 1671 ruptis
663 1603 795 1656 effervere
808 1603 901 1669 costis,

213 1687 417 1757 immensasque
430 1689 504 1742 trahi
516 1689 611 1758 nubes,
626 1690 735 1760 iamque
748 1690 848 1744 arbore
861 1707 968 1745 summa

214 1774 359 1830 Oonflnere
372 1780 400 1829 et
409 1775 491 1830 lentis
504 1793 584 1830 uvam
598 1776 744 1831 demittere
756 1777 848 1832 ramis.

248 1933 324 1990 Haec
337 1951 418 2005 snper
431 1951 561 1990 arvorum
574 1935 650 1990 cultu
663 1951 849 2004 pecorumque
862 1935 994 1990 canebam

212 2021 249 2076 Et
261 2039 342 2092 super
355 2023 506 2092 arboribus,
522 2022 623 2078 Caesar
636 2023 703 2076 dum
714 2039 831 2091 magnus
844 2022 879 2076 ad
892 2023 979 2076 altum

212 2108 351 2163 Fulminat
363 2109 524 2179 Euphraten
536 2110 617 2179 bello,
632 2110 773 2178 victorque
788 2110 905 2163 volentis

212 2193 267 2249 Per
280 2196 397 2265 populos
408 2195 456 2250 dat
468 2197 536 2266 iura,
551 2197 678 2266 viamque
691 2197 812 2251 adfectat
826 2196 952 2265 Olympo.

212 2280 264 2336 Illo
277 2281 430 2351 Vergilium
444 2299 488 2338 me
502 2292 627 2353 tempore
640 2283 728 2337 dulcis
741 2283 834 2338 alebat

211 2368 397 2438 Parthenope,
413 2369 511 2424 studiis
521 2369 667 2424 florentem
681 2370 808 2438 ignobilis
820 2371 868 2439 oti,

212 2454 342 2510 Oarmina
353 2456 465 2524 qui'lusi
478 2462 627 2526 pastorum,
642 2456 785 2526 audaxque
796 2457 917 2528 inventa,

212 2540 314 2610 Tityre,
329 2546 357 2595 te
369 2542 480 2611 patulae
493 2542 580 2598 cecini
592 2542 642 2596 suh
655 2542 775 2612 tegmine
787 2543 853 2614 fagi.
