<?xml version="1.0" encoding="UTF-8"?>
<!DOCTYPE html PUBLIC "-//W3C//DTD XHTML 1.0 Transitional//EN"
    "http://www.w3.org/TR/xhtml1/DTD/xhtml1-transitional.dtd">
<html xmlns="http://www.w3.org/1999/xhtml" xml:lang="en" lang="en">
 <head>
  <title>
</title>
<meta http-equiv="Content-Type" content="text/html;charset=utf-8" />
  <meta name='ocr-system' content='tesseract 3.04.00' />
  <meta name='ocr-capabilities' content='ocr_page ocr_carea ocr_par ocr_line ocrx_word'/>
</head>
<body>
  <div class='ocr_page' id='page_1' title='image "./arevisedtextpoe00virggoog_0364.png"; bbox 0 0 2656 3940; ppageno 0'>
   <div class='ocr_carea' id='block_1_1' title="bbox 531 240 923 292">
    <p class='ocr_par' dir='ltr' id='par_1_1' title="bbox 531 240 923 292">
     <span class='ocr_line' id='line_1_1' title="bbox 531 240 923 292; baseline 0 -1"><span class='ocrx_word' id='word_1_1' title='bbox 531 241 669 292; x_wconf 77' lang='lat' dir='ltr'><strong>VERGILI</strong></span> <span class='ocrx_word' id='word_1_2' title='bbox 692 243 857 292; x_wconf 81' lang='lat' dir='ltr'>AENEIDOS</span> <span class='ocrx_word' id='word_1_3' title='bbox 879 240 923 291; x_wconf 85' lang='lat' dir='ltr'><strong>XI.</strong></span> 
     </span>
    </p>
   </div>
   <div class='ocr_carea' id='block_1_2' title="bbox 198 403 1034 3618">
    <p class='ocr_par' dir='ltr' id='par_1_2' title="bbox 198 403 909 560">
     <span class='ocr_line' id='line_1_2' title="bbox 218 403 889 473; baseline 0.004 -17"><span class='ocrx_word' id='word_1_4' title='bbox 218 403 334 473; x_wconf 83' lang='lat' dir='ltr'><strong>Solaque</strong></span> <span class='ocrx_word' id='word_1_5' title='bbox 347 403 506 471; x_wconf 86' lang='lat' dir='ltr'><strong>Tyrrhenos</strong></span> <span class='ocrx_word' id='word_1_6' title='bbox 518 403 624 472; x_wconf 87' lang='lat' dir='ltr'><strong>equites</strong></span> <span class='ocrx_word' id='word_1_7' title='bbox 636 404 676 457; x_wconf 86' lang='lat' dir='ltr'><strong>ire</strong></span> <span class='ocrx_word' id='word_1_8' title='bbox 689 405 771 458; x_wconf 87' lang='lat' dir='ltr'><strong>obvia</strong></span> <span class='ocrx_word' id='word_1_9' title='bbox 783 410 889 459; x_wconf 83' lang='lat' dir='ltr'><strong>contra.</strong></span> 
     </span>
     <span class='ocr_line' id='line_1_3' title="bbox 198 490 909 560; baseline 0 -16"><span class='ocrx_word' id='word_1_10' title='bbox 198 505 203 512; x_wconf 85' lang='lat'><em>&#39;</em></span> <span class='ocrx_word' id='word_1_11' title='bbox 217 490 262 544; x_wconf 91' lang='lat' dir='ltr'><strong>Me</strong></span> <span class='ocrx_word' id='word_1_12' title='bbox 276 492 334 544; x_wconf 91' lang='lat' dir='ltr'><strong>sine</strong></span> <span class='ocrx_word' id='word_1_13' title='bbox 346 492 436 560; x_wconf 87' lang='lat' dir='ltr'><strong>prima</strong></span> <span class='ocrx_word' id='word_1_14' title='bbox 449 507 532 544; x_wconf 82' lang='lat' dir='ltr'><strong>manu</strong></span> <span class='ocrx_word' id='word_1_15' title='bbox 545 497 681 559; x_wconf 85' lang='lat' dir='ltr'><strong>temptare</strong></span> <span class='ocrx_word' id='word_1_16' title='bbox 694 492 817 560; x_wconf 84' lang='lat' dir='ltr'><strong>periculo</strong></span> <span class='ocrx_word' id='word_1_17' title='bbox 830 491 909 558; x_wconf 87' lang='lat' dir='ltr'><strong>belli;</strong></span> 
     </span>
    </p>

    <p class='ocr_par' dir='ltr' id='par_1_3' title="bbox 215 578 1013 1434">
     <span class='ocr_line' id='line_1_4' title="bbox 217 578 926 646; baseline 0.001 -15"><span class='ocrx_word' id='word_1_18' title='bbox 217 578 257 632; x_wconf 93' lang='lat' dir='ltr'><strong>Tu</strong></span> <span class='ocrx_word' id='word_1_19' title='bbox 271 580 353 646; x_wconf 89' lang='lat' dir='ltr'><strong>pedes</strong></span> <span class='ocrx_word' id='word_1_20' title='bbox 365 579 398 633; x_wconf 92' lang='lat' dir='ltr'><strong>ad</strong></span> <span class='ocrx_word' id='word_1_21' title='bbox 411 595 505 632; x_wconf 83' lang='lat' dir='ltr'><strong>muros</strong></span> <span class='ocrx_word' id='word_1_22' title='bbox 517 578 643 645; x_wconf 88' lang='lat' dir='ltr'><strong>subsiste,</strong></span> <span class='ocrx_word' id='word_1_23' title='bbox 657 585 685 631; x_wconf 92' lang='lat' dir='ltr'><strong>et</strong></span> <span class='ocrx_word' id='word_1_24' title='bbox 697 580 807 632; x_wconf 85' lang='lat' dir='ltr'><strong>moenia</strong></span> <span class='ocrx_word' id='word_1_25' title='bbox 819 579 926 632; x_wconf 85' lang='lat' dir='ltr'><strong>serva.”</strong></span> 
     </span>
     <span class='ocr_line' id='line_1_5' title="bbox 217 665 986 734; baseline 0.003 -16"><span class='ocrx_word' id='word_1_26' title='bbox 217 665 325 719; x_wconf 89' lang='lat' dir='ltr'><strong>Turnus</strong></span> <span class='ocrx_word' id='word_1_27' title='bbox 337 666 372 720; x_wconf 85' lang='lat' dir='ltr'><strong>ad</strong></span> <span class='ocrx_word' id='word_1_28' title='bbox 385 666 459 734; x_wconf 87' lang='lat' dir='ltr'><strong>haec,</strong></span> <span class='ocrx_word' id='word_1_29' title='bbox 475 665 571 734; x_wconf 85' lang='lat' dir='ltr'><strong>oculos</strong></span> <span class='ocrx_word' id='word_1_30' title='bbox 583 666 723 720; x_wconf 83' lang='lat' dir='ltr'><strong>horrenda</strong></span> <span class='ocrx_word' id='word_1_31' title='bbox 736 666 765 718; x_wconf 91' lang='lat' dir='ltr'><strong>iu</strong></span> <span class='ocrx_word' id='word_1_32' title='bbox 779 667 886 734; x_wconf 83' lang='lat' dir='ltr'><strong>virgine</strong></span> <span class='ocrx_word' id='word_1_33' title='bbox 898 665 986 720; x_wconf 86' lang='lat' dir='ltr'><strong>fixus:</strong></span> 
     </span>
     <span class='ocr_line' id='line_1_6' title="bbox 219 753 873 822; baseline 0 -16"><span class='ocrx_word' id='word_1_34' title='bbox 219 755 236 782; x_wconf 74' lang='lat'><strong>‘⁶</strong></span> <span class='ocrx_word' id='word_1_35' title='bbox 247 753 270 806; x_wconf 94' lang='grc' dir='ltr'><strong>Ο</strong></span> <span class='ocrx_word' id='word_1_36' title='bbox 283 753 367 807; x_wconf 90' lang='lat' dir='ltr'><strong>decus</strong></span> <span class='ocrx_word' id='word_1_37' title='bbox 379 753 476 807; x_wconf 84' lang='lat' dir='ltr'><strong>Italiae</strong></span> <span class='ocrx_word' id='word_1_38' title='bbox 491 753 574 820; x_wconf 84' lang='lat' dir='ltr'><strong>virgo,</strong></span> <span class='ocrx_word' id='word_1_39' title='bbox 590 769 657 821; x_wconf 81' lang='lat' dir='ltr'><strong>ques</strong></span> <span class='ocrx_word' id='word_1_40' title='bbox 669 753 761 807; x_wconf 91' lang='lat' dir='ltr'><strong>dicere</strong></span> <span class='ocrx_word' id='word_1_41' title='bbox 774 759 873 822; x_wconf 79' lang='lat' dir='ltr'><strong>grates,</strong></span> 
     </span>
     <span class='ocr_line' id='line_1_7' title="bbox 217 840 1013 910; baseline 0.001 -19"><span class='ocrx_word' id='word_1_42' title='bbox 217 841 326 906; x_wconf 79' lang='lat' dir='ltr'><strong>erasve</strong></span> <span class='ocrx_word' id='word_1_43' title='bbox 339 841 441 894; x_wconf 87' lang='lat' dir='ltr'><strong>referre</strong></span> <span class='ocrx_word' id='word_1_44' title='bbox 454 841 564 910; x_wconf 82' lang='lat' dir='ltr'><strong>paremt</strong></span> <span class='ocrx_word' id='word_1_45' title='bbox 585 840 633 892; x_wconf 88' lang='lat' dir='ltr'><strong>sed</strong></span> <span class='ocrx_word' id='word_1_46' title='bbox 646 856 727 908; x_wconf 90' lang='lat' dir='ltr'><strong>nunc,</strong></span> <span class='ocrx_word' id='word_1_47' title='bbox 743 846 784 894; x_wconf 85' lang='lat' dir='ltr'><strong>eet</strong></span> <span class='ocrx_word' id='word_1_48' title='bbox 797 841 890 894; x_wconf 88' lang='lat' dir='ltr'><strong>omnia</strong></span> <span class='ocrx_word' id='word_1_49' title='bbox 903 840 1013 909; x_wconf 87' lang='lat' dir='ltr'><strong>quando</strong></span> 
     </span>
     <span class='ocr_line' id='line_1_8' title="bbox 216 926 880 996; baseline 0 -16"><span class='ocrx_word' id='word_1_50' title='bbox 216 926 272 980; x_wconf 83' lang='lat' dir='ltr'><strong>iste</strong></span> <span class='ocrx_word' id='word_1_51' title='bbox 285 929 392 980; x_wconf 88' lang='lat' dir='ltr'><strong>animus</strong></span> <span class='ocrx_word' id='word_1_52' title='bbox 405 945 495 996; x_wconf 88' lang='lat' dir='ltr'><strong>supra,</strong></span> <span class='ocrx_word' id='word_1_53' title='bbox 511 943 619 980; x_wconf 88' lang='lat' dir='ltr'><strong>mecum</strong></span> <span class='ocrx_word' id='word_1_54' title='bbox 633 928 736 995; x_wconf 88' lang='lat' dir='ltr'><strong>partire</strong></span> <span class='ocrx_word' id='word_1_55' title='bbox 748 927 880 981; x_wconf 85' lang='lat' dir='ltr'><strong>laborem.</strong></span> 
     </span>
     <span class='ocr_line' id='line_1_9' title="bbox 216 1013 863 1083; baseline 0.002 -17"><span class='ocrx_word' id='word_1_56' title='bbox 216 1013 335 1083; x_wconf 83' lang='lat' dir='ltr'><strong>Aeneas,</strong></span> <span class='ocrx_word' id='word_1_57' title='bbox 349 1022 381 1068; x_wconf 92' lang='lat' dir='ltr'><strong>ut</strong></span> <span class='ocrx_word' id='word_1_58' title='bbox 392 1015 468 1068; x_wconf 83' lang='lat' dir='ltr'><strong>fame</strong></span> <span class='ocrx_word' id='word_1_59' title='bbox 479 1014 560 1068; x_wconf 89' lang='lat' dir='ltr'><strong>fidem</strong></span> <span class='ocrx_word' id='word_1_60' title='bbox 574 1014 705 1082; x_wconf 79' lang='lat' dir='ltr'>missique</span> <span class='ocrx_word' id='word_1_61' title='bbox 717 1019 863 1083; x_wconf 84' lang='lat' dir='ltr'><strong>reportant</strong></span> 
     </span>
     <span class='ocr_line' id='line_1_10' title="bbox 215 1101 888 1172; baseline 0.001 -17"><span class='ocrx_word' id='word_1_62' title='bbox 215 1101 420 1171; x_wconf 81' lang='lat' dir='ltr'><strong>Exploratores,</strong></span> <span class='ocrx_word' id='word_1_63' title='bbox 435 1103 557 1172; x_wconf 91' lang='lat' dir='ltr'><strong>equitum</strong></span> <span class='ocrx_word' id='word_1_64' title='bbox 570 1102 641 1154; x_wconf 86' lang='lat' dir='ltr'><strong>levia</strong></span> <span class='ocrx_word' id='word_1_65' title='bbox 654 1103 798 1170; x_wconf 85' lang='lat' dir='ltr'><strong>improbus</strong></span> <span class='ocrx_word' id='word_1_66' title='bbox 811 1119 888 1156; x_wconf 85' lang='lat' dir='ltr'><strong>arma</strong></span> 
     </span>
     <span class='ocr_line' id='line_1_11' title="bbox 216 1190 964 1259; baseline 0.001 -16"><span class='ocrx_word' id='word_1_67' title='bbox 216 1190 370 1258; x_wconf 74' lang='lat' dir='ltr'><strong>Praemisit,</strong></span> <span class='ocrx_word' id='word_1_68' title='bbox 385 1195 530 1259; x_wconf 80' lang='lat' dir='ltr'><strong>quaterent</strong></span> <span class='ocrx_word' id='word_1_69' title='bbox 543 1205 671 1258; x_wconf 83' lang='lat' dir='ltr'><strong>cnmpos;</strong></span> <span class='ocrx_word' id='word_1_70' title='bbox 691 1190 750 1257; x_wconf 90' lang='lat' dir='ltr'><strong>ipse</strong></span> <span class='ocrx_word' id='word_1_71' title='bbox 764 1190 849 1244; x_wconf 89' lang='lat' dir='ltr'><strong>ardua</strong></span> <span class='ocrx_word' id='word_1_72' title='bbox 861 1192 964 1244; x_wconf 87' lang='lat' dir='ltr'><strong>montis</strong></span> 
     </span>
     <span class='ocr_line' id='line_1_12' title="bbox 216 1275 925 1346; baseline 0.001 -16"><span class='ocrx_word' id='word_1_73' title='bbox 216 1278 270 1331; x_wconf 94' lang='lat' dir='ltr'><strong>Per</strong></span> <span class='ocrx_word' id='word_1_74' title='bbox 283 1279 391 1332; x_wconf 85' lang='lat' dir='ltr'><strong>deserta</strong></span> <span class='ocrx_word' id='word_1_75' title='bbox 403 1279 468 1346; x_wconf 80' lang='lat' dir='ltr'><strong>iugc</strong></span> <span class='ocrx_word' id='word_1_76' title='bbox 481 1293 614 1345; x_wconf 83' lang='lat' dir='ltr'><strong>superans</strong></span> <span class='ocrx_word' id='word_1_77' title='bbox 627 1275 759 1331; x_wconf 86' lang='lat' dir='ltr'><strong>adventat</strong></span> <span class='ocrx_word' id='word_1_78' title='bbox 773 1278 807 1331; x_wconf 86' lang='lat' dir='ltr'><strong>ad</strong></span> <span class='ocrx_word' id='word_1_79' title='bbox 822 1279 925 1332; x_wconf 89' lang='lat' dir='ltr'><strong>urbem.</strong></span> 
     </span>
     <span class='ocr_line' id='line_1_13' title="bbox 216 1363 869 1434; baseline 0.002 -17"><span class='ocrx_word' id='word_1_80' title='bbox 216 1365 302 1418; x_wconf 88' lang='lat' dir='ltr'><strong>Furta</strong></span> <span class='ocrx_word' id='word_1_81' title='bbox 313 1383 382 1434; x_wconf 87' lang='lat' dir='ltr'><strong>paro</strong></span> <span class='ocrx_word' id='word_1_82' title='bbox 394 1365 458 1419; x_wconf 87' lang='lat' dir='ltr'><strong>belli</strong></span> <span class='ocrx_word' id='word_1_83' title='bbox 471 1380 596 1428; x_wconf 73' lang='lat' dir='ltr'><strong>convexo</strong></span> <span class='ocrx_word' id='word_1_84' title='bbox 609 1364 639 1416; x_wconf 93' lang='lat' dir='ltr'><strong>iu</strong></span> <span class='ocrx_word' id='word_1_85' title='bbox 652 1365 764 1417; x_wconf 82' lang='lat' dir='ltr'><strong>tremite</strong></span> <span class='ocrx_word' id='word_1_86' title='bbox 777 1363 869 1433; x_wconf 84' lang='lat' dir='ltr'><strong>silvae,</strong></span> 
     </span>
    </p>

    <p class='ocr_par' dir='ltr' id='par_1_4' title="bbox 217 1451 831 1507">
     <span class='ocr_line' id='line_1_14' title="bbox 217 1451 831 1507; baseline 0.002 -2"><span class='ocrx_word' id='word_1_87' title='bbox 217 1452 254 1506; x_wconf 91' lang='lat' dir='ltr'><strong>Ut</strong></span> <span class='ocrx_word' id='word_1_88' title='bbox 267 1452 355 1506; x_wconf 89' lang='lat' dir='ltr'><strong>bivias</strong></span> <span class='ocrx_word' id='word_1_89' title='bbox 368 1459 476 1507; x_wconf 84' lang='lat' dir='ltr'><strong>armato</strong></span> <span class='ocrx_word' id='word_1_90' title='bbox 490 1451 614 1505; x_wconf 86' lang='lat' dir='ltr'><strong>obsidam</strong></span> <span class='ocrx_word' id='word_1_91' title='bbox 628 1453 716 1506; x_wconf 78' lang='lat' dir='ltr'><strong>milite</strong></span> <span class='ocrx_word' id='word_1_92' title='bbox 730 1453 831 1506; x_wconf 85' lang='lat' dir='ltr'><strong>fauces.</strong></span> 
     </span>
    </p>

    <p class='ocr_par' dir='ltr' id='par_1_5' title="bbox 213 1538 1006 2484">
     <span class='ocr_line' id='line_1_15' title="bbox 216 1538 919 1608; baseline 0 -16"><span class='ocrx_word' id='word_1_93' title='bbox 216 1539 257 1592; x_wconf 90' lang='lat' dir='ltr'><strong>Tu</strong></span> <span class='ocrx_word' id='word_1_94' title='bbox 269 1539 443 1606; x_wconf 85' lang='lat' dir='ltr'><strong>Tyrrhenum</strong></span> <span class='ocrx_word' id='word_1_95' title='bbox 456 1539 575 1607; x_wconf 82' lang='lat' dir='ltr'><strong>equitem</strong></span> <span class='ocrx_word' id='word_1_96' title='bbox 590 1538 697 1592; x_wconf 88' lang='lat' dir='ltr'><strong>collatis</strong></span> <span class='ocrx_word' id='word_1_97' title='bbox 710 1540 806 1608; x_wconf 81' lang='lat' dir='ltr'><strong>excipe</strong></span> <span class='ocrx_word' id='word_1_98' title='bbox 820 1539 919 1608; x_wconf 81' lang='lat' dir='ltr'><strong>siguis3</strong></span> 
     </span>
     <span class='ocr_line' id='line_1_16' title="bbox 215 1625 931 1696; baseline 0.003 -18"><span class='ocrx_word' id='word_1_99' title='bbox 215 1625 316 1680; x_wconf 88' lang='lat' dir='ltr'><strong>Tecum</strong></span> <span class='ocrx_word' id='word_1_100' title='bbox 329 1643 392 1680; x_wconf 88' lang='lat' dir='ltr'><strong>acer</strong></span> <span class='ocrx_word' id='word_1_101' title='bbox 404 1627 546 1695; x_wconf 82' lang='lat' dir='ltr'><strong>Messapus</strong></span> <span class='ocrx_word' id='word_1_102' title='bbox 558 1627 618 1695; x_wconf 88' lang='lat' dir='ltr'><strong>erit,</strong></span> <span class='ocrx_word' id='word_1_103' title='bbox 635 1633 797 1696; x_wconf 89' lang='lat' dir='ltr'><strong>turmaeque</strong></span> <span class='ocrx_word' id='word_1_104' title='bbox 810 1625 931 1693; x_wconf 75' lang='lat' dir='ltr'><strong>Latinae,</strong></span> 
     </span>
     <span class='ocr_line' id='line_1_17' title="bbox 216 1712 949 1783; baseline 0.001 -18"><span class='ocrx_word' id='word_1_105' title='bbox 216 1712 375 1782; x_wconf 86' lang='lat' dir='ltr'><strong>Tiburtique</strong></span> <span class='ocrx_word' id='word_1_106' title='bbox 387 1731 499 1783; x_wconf 79' lang='lat' dir='ltr'><strong>manus3</strong></span> <span class='ocrx_word' id='word_1_107' title='bbox 523 1714 600 1767; x_wconf 91' lang='lat' dir='ltr'><strong>ducis</strong></span> <span class='ocrx_word' id='word_1_108' title='bbox 613 1722 641 1767; x_wconf 92' lang='lat' dir='ltr'><strong>et</strong></span> <span class='ocrx_word' id='word_1_109' title='bbox 654 1721 685 1768; x_wconf 87' lang='lat' dir='ltr'><strong>tu</strong></span> <span class='ocrx_word' id='word_1_110' title='bbox 699 1715 814 1783; x_wconf 89' lang='lat' dir='ltr'><strong>concipe</strong></span> <span class='ocrx_word' id='word_1_111' title='bbox 826 1714 949 1768; x_wconf 83' lang='lat' dir='ltr'><strong>curam.”</strong></span> 
     </span>
     <span class='ocr_line' id='line_1_18' title="bbox 216 1799 908 1871; baseline 0.003 -18"><span class='ocrx_word' id='word_1_112' title='bbox 216 1799 262 1854; x_wconf 85' lang='lat' dir='ltr'><strong>Sic</strong></span> <span class='ocrx_word' id='word_1_113' title='bbox 274 1801 319 1867; x_wconf 85' lang='lat' dir='ltr'><strong>sit,</strong></span> <span class='ocrx_word' id='word_1_114' title='bbox 335 1807 363 1854; x_wconf 90' lang='lat' dir='ltr'><strong>et</strong></span> <span class='ocrx_word' id='word_1_115' title='bbox 375 1803 487 1871; x_wconf 83' lang='lat' dir='ltr'><strong>paribus</strong></span> <span class='ocrx_word' id='word_1_116' title='bbox 499 1802 655 1871; x_wconf 84' lang='lat' dir='ltr'><strong>Messapum</strong></span> <span class='ocrx_word' id='word_1_117' title='bbox 668 1802 697 1854; x_wconf 92' lang='lat' dir='ltr'><strong>in</strong></span> <span class='ocrx_word' id='word_1_118' title='bbox 709 1801 815 1870; x_wconf 86' lang='lat' dir='ltr'><strong>proelia</strong></span> <span class='ocrx_word' id='word_1_119' title='bbox 827 1801 908 1855; x_wconf 88' lang='lat' dir='ltr'><strong>dietis</strong></span> 
     </span>
     <span class='ocr_line' id='line_1_19' title="bbox 215 1887 930 1958; baseline 0.001 -18"><span class='ocrx_word' id='word_1_120' title='bbox 215 1887 351 1942; x_wconf 84' lang='lat' dir='ltr'><strong>Hortatur</strong></span> <span class='ocrx_word' id='word_1_121' title='bbox 364 1889 506 1958; x_wconf 88' lang='lat' dir='ltr'><strong>sociosque</strong></span> <span class='ocrx_word' id='word_1_122' title='bbox 519 1889 610 1956; x_wconf 86' lang='lat' dir='ltr'><strong>duces,</strong></span> <span class='ocrx_word' id='word_1_123' title='bbox 626 1895 654 1943; x_wconf 91' lang='lat' dir='ltr'><strong>et</strong></span> <span class='ocrx_word' id='word_1_124' title='bbox 665 1890 756 1958; x_wconf 82' lang='lat' dir='ltr'><strong>pergit</strong></span> <span class='ocrx_word' id='word_1_125' title='bbox 768 1890 798 1942; x_wconf 92' lang='lat' dir='ltr'><strong>in</strong></span> <span class='ocrx_word' id='word_1_126' title='bbox 813 1889 930 1944; x_wconf 82' lang='lat' dir='ltr'><strong>hostem.</strong></span> 
     </span>
     <span class='ocr_line' id='line_1_20' title="bbox 214 1975 906 2046; baseline 0.003 -18"><span class='ocrx_word' id='word_1_127' title='bbox 214 1975 266 2028; x_wconf 81' lang='lat' dir='ltr'><strong>Est</strong></span> <span class='ocrx_word' id='word_1_128' title='bbox 278 1993 363 2030; x_wconf 90' lang='lat' dir='ltr'><strong>curvo</strong></span> <span class='ocrx_word' id='word_1_129' title='bbox 377 1978 504 2031; x_wconf 82' lang='lat' dir='ltr'><strong>anfractu</strong></span> <span class='ocrx_word' id='word_1_130' title='bbox 519 1977 610 2046; x_wconf 82' lang='lat' dir='ltr'><strong>valles,</strong></span> <span class='ocrx_word' id='word_1_131' title='bbox 625 1977 803 2031; x_wconf 84' lang='lat' dir='ltr'><strong>accommodo</strong></span> <span class='ocrx_word' id='word_1_132' title='bbox 814 1977 906 2030; x_wconf 84' lang='lat' dir='ltr'><strong>fraudi</strong></span> 
     </span>
     <span class='ocr_line' id='line_1_21' title="bbox 215 2062 972 2134; baseline 0.001 -19"><span class='ocrx_word' id='word_1_133' title='bbox 215 2062 419 2134; x_wconf 83' lang='lat' dir='ltr'><strong>Armorumque</strong></span> <span class='ocrx_word' id='word_1_134' title='bbox 432 2065 509 2134; x_wconf 85' lang='lat' dir='ltr'><strong>dolis,</strong></span> <span class='ocrx_word' id='word_1_135' title='bbox 524 2081 605 2134; x_wconf 88' lang='lat' dir='ltr'><strong>quem</strong></span> <span class='ocrx_word' id='word_1_136' title='bbox 619 2065 711 2118; x_wconf 88' lang='lat' dir='ltr'><strong>densis</strong></span> <span class='ocrx_word' id='word_1_137' title='bbox 724 2065 870 2118; x_wconf 82' lang='lat' dir='ltr'><strong>frondibus</strong></span> <span class='ocrx_word' id='word_1_138' title='bbox 882 2070 972 2118; x_wconf 85' lang='lat' dir='ltr'><strong>utrum</strong></span> 
     </span>
     <span class='ocr_line' id='line_1_22' title="bbox 216 2149 922 2221; baseline -0.001 -17"><span class='ocrx_word' id='word_1_139' title='bbox 216 2149 302 2220; x_wconf 83' lang='lat' dir='ltr'><strong>Urget</strong></span> <span class='ocrx_word' id='word_1_140' title='bbox 314 2152 453 2221; x_wconf 84' lang='lat' dir='ltr'><strong>utrimque</strong></span> <span class='ocrx_word' id='word_1_141' title='bbox 466 2153 545 2220; x_wconf 87' lang='lat' dir='ltr'><strong>latus,</strong></span> <span class='ocrx_word' id='word_1_142' title='bbox 560 2153 654 2206; x_wconf 88' lang='lat' dir='ltr'><strong>tenuis</strong></span> <span class='ocrx_word' id='word_1_143' title='bbox 668 2169 722 2221; x_wconf 90' lang='lat' dir='ltr'><strong>quo</strong></span> <span class='ocrx_word' id='word_1_144' title='bbox 735 2153 834 2206; x_wconf 84' lang='lat' dir='ltr'><strong>semite</strong></span> <span class='ocrx_word' id='word_1_145' title='bbox 845 2152 922 2204; x_wconf 90' lang='lat' dir='ltr'><strong>ducit</strong></span> 
     </span>
     <span class='ocr_line' id='line_1_23' title="bbox 215 2238 913 2309; baseline 0.003 -18"><span class='ocrx_word' id='word_1_146' title='bbox 215 2238 411 2309; x_wconf 81' lang='lat' dir='ltr'><strong>Augustusque</strong></span> <span class='ocrx_word' id='word_1_147' title='bbox 424 2241 516 2294; x_wconf 87' lang='lat' dir='ltr'><strong>ferunt</strong></span> <span class='ocrx_word' id='word_1_148' title='bbox 529 2241 624 2295; x_wconf 83' lang='lat' dir='ltr'><strong>fauces</strong></span> <span class='ocrx_word' id='word_1_149' title='bbox 637 2241 781 2309; x_wconf 83' lang='lat' dir='ltr'><strong>editusque</strong></span> <span class='ocrx_word' id='word_1_150' title='bbox 793 2239 913 2307; x_wconf 85' lang='lat' dir='ltr'><strong>mniigui.</strong></span> 
     </span>
     <span class='ocr_line' id='line_1_24' title="bbox 215 2326 1006 2397; baseline 0 -17"><span class='ocrx_word' id='word_1_151' title='bbox 215 2326 294 2380; x_wconf 86' lang='lat' dir='ltr'><strong>Hanc</strong></span> <span class='ocrx_word' id='word_1_152' title='bbox 307 2345 389 2396; x_wconf 90' lang='lat' dir='ltr'><strong>super</strong></span> <span class='ocrx_word' id='word_1_153' title='bbox 400 2330 430 2382; x_wconf 94' lang='lat' dir='ltr'><strong>in</strong></span> <span class='ocrx_word' id='word_1_154' title='bbox 442 2329 559 2397; x_wconf 85' lang='lat' dir='ltr'><strong>speculis</strong></span> <span class='ocrx_word' id='word_1_155' title='bbox 571 2344 732 2396; x_wconf 90' lang='lat' dir='ltr'><strong>summoque</strong></span> <span class='ocrx_word' id='word_1_156' title='bbox 744 2328 774 2380; x_wconf 92' lang='lat' dir='ltr'><strong>in</strong></span> <span class='ocrx_word' id='word_1_157' title='bbox 786 2327 890 2381; x_wconf 85' lang='lat' dir='ltr'><strong>vertice</strong></span> <span class='ocrx_word' id='word_1_158' title='bbox 901 2327 1006 2380; x_wconf 90' lang='lat' dir='ltr'><strong>montis</strong></span> 
     </span>
     <span class='ocr_line' id='line_1_25' title="bbox 213 2414 812 2484; baseline 0 -17"><span class='ocrx_word' id='word_1_159' title='bbox 213 2414 345 2468; x_wconf 87' lang='lat' dir='ltr'><strong>Planities</strong></span> <span class='ocrx_word' id='word_1_160' title='bbox 357 2415 453 2483; x_wconf 85' lang='lat' dir='ltr'><strong>ignota</strong></span> <span class='ocrx_word' id='word_1_161' title='bbox 465 2416 544 2484; x_wconf 80' lang='lat' dir='ltr'><strong>iacet,</strong></span> <span class='ocrx_word' id='word_1_162' title='bbox 559 2417 668 2484; x_wconf 86' lang='lat' dir='ltr'><strong>tutique</strong></span> <span class='ocrx_word' id='word_1_163' title='bbox 682 2430 812 2481; x_wconf 79' lang='lat' dir='ltr'><strong>recessus,</strong></span> 
     </span>
    </p>

    <p class='ocr_par' dir='ltr' id='par_1_6' title="bbox 215 2500 895 2571">
     <span class='ocr_line' id='line_1_26' title="bbox 215 2500 895 2571; baseline 0.003 -18"><span class='ocrx_word' id='word_1_164' title='bbox 215 2500 268 2554; x_wconf 90' lang='lat' dir='ltr'><strong>Seu</strong></span> <span class='ocrx_word' id='word_1_165' title='bbox 281 2502 379 2556; x_wconf 88' lang='lat' dir='ltr'><strong>dextra</strong></span> <span class='ocrx_word' id='word_1_166' title='bbox 391 2503 523 2571; x_wconf 85' lang='lat' dir='ltr'><strong>laevaque</strong></span> <span class='ocrx_word' id='word_1_167' title='bbox 537 2503 606 2556; x_wconf 84' lang='lat' dir='ltr'><strong>veiis</strong></span> <span class='ocrx_word' id='word_1_168' title='bbox 619 2518 764 2557; x_wconf 83' lang='lat' dir='ltr'><strong>occurrere</strong></span> <span class='ocrx_word' id='word_1_169' title='bbox 779 2518 895 2570; x_wconf 83' lang='lat' dir='ltr'><strong>pugnae,</strong></span> 
     </span>
    </p>

    <p class='ocr_par' dir='ltr' id='par_1_7' title="bbox 215 2587 859 2658">
     <span class='ocr_line' id='line_1_27' title="bbox 215 2587 859 2658; baseline 0.005 -18"><span class='ocrx_word' id='word_1_170' title='bbox 215 2587 279 2641; x_wconf 82' lang='lat' dir='ltr'><strong>Sive</strong></span> <span class='ocrx_word' id='word_1_171' title='bbox 291 2589 393 2642; x_wconf 84' lang='lat' dir='ltr'><strong>instare</strong></span> <span class='ocrx_word' id='word_1_172' title='bbox 406 2591 478 2658; x_wconf 81' lang='lat' dir='ltr'><strong>iugis</strong></span> <span class='ocrx_word' id='word_1_173' title='bbox 490 2596 518 2644; x_wconf 89' lang='lat' dir='ltr'><strong>et</strong></span> <span class='ocrx_word' id='word_1_174' title='bbox 531 2590 646 2658; x_wconf 86' lang='lat' dir='ltr'><strong>grandia</strong></span> <span class='ocrx_word' id='word_1_175' title='bbox 660 2590 773 2643; x_wconf 84' lang='lat' dir='ltr'><strong>volvere</strong></span> <span class='ocrx_word' id='word_1_176' title='bbox 785 2605 859 2643; x_wconf 76' lang='lat' dir='ltr'><strong>saxa</strong></span> 
     </span>
    </p>

    <p class='ocr_par' dir='ltr' id='par_1_8' title="bbox 214 2675 868 2833">
     <span class='ocr_line' id='line_1_28' title="bbox 214 2675 830 2746; baseline 0.003 -18"><span class='ocrx_word' id='word_1_177' title='bbox 214 2675 275 2728; x_wconf 87' lang='lat' dir='ltr'><strong>Huc</strong></span> <span class='ocrx_word' id='word_1_178' title='bbox 288 2677 395 2730; x_wconf 81' lang='lat' dir='ltr'><strong>iuvenis</strong></span> <span class='ocrx_word' id='word_1_179' title='bbox 407 2684 476 2731; x_wconf 84' lang='lat' dir='ltr'><strong>uota</strong></span> <span class='ocrx_word' id='word_1_180' title='bbox 487 2678 575 2731; x_wconf 83' lang='lat' dir='ltr'><strong>fertur</strong></span> <span class='ocrx_word' id='word_1_181' title='bbox 587 2679 700 2746; x_wconf 82' lang='lat' dir='ltr'><strong>regione</strong></span> <span class='ocrx_word' id='word_1_182' title='bbox 714 2677 830 2744; x_wconf 89' lang='lat' dir='ltr'><strong>viarum,</strong></span> 
     </span>
     <span class='ocr_line' id='line_1_29' title="bbox 214 2763 868 2833; baseline 0.003 -19"><span class='ocrx_word' id='word_1_183' title='bbox 214 2763 395 2831; x_wconf 88' lang='lat' dir='ltr'><strong>Arripuitque</strong></span> <span class='ocrx_word' id='word_1_184' title='bbox 408 2764 499 2817; x_wconf 91' lang='lat' dir='ltr'><strong>locum</strong></span> <span class='ocrx_word' id='word_1_185' title='bbox 514 2769 542 2817; x_wconf 93' lang='lat' dir='ltr'><strong>et</strong></span> <span class='ocrx_word' id='word_1_186' title='bbox 555 2765 630 2817; x_wconf 87' lang='lat' dir='ltr'><strong>silvis</strong></span> <span class='ocrx_word' id='word_1_187' title='bbox 643 2765 746 2818; x_wconf 91' lang='lat' dir='ltr'><strong>insedit</strong></span> <span class='ocrx_word' id='word_1_188' title='bbox 758 2765 868 2833; x_wconf 85' lang='lat' dir='ltr'><strong>iniquis.</strong></span> 
     </span>
    </p>

    <p class='ocr_par' dir='ltr' id='par_1_9' title="bbox 249 2849 895 2920">
     <span class='ocr_line' id='line_1_30' title="bbox 249 2849 895 2920; baseline 0 -16"><span class='ocrx_word' id='word_1_189' title='bbox 249 2849 381 2904; x_wconf 88' lang='lat' dir='ltr'><strong>Velocem</strong></span> <span class='ocrx_word' id='word_1_190' title='bbox 395 2851 502 2905; x_wconf 91' lang='lat' dir='ltr'><strong>interea</strong></span> <span class='ocrx_word' id='word_1_191' title='bbox 515 2853 621 2920; x_wconf 89' lang='lat' dir='ltr'><strong>superis</strong></span> <span class='ocrx_word' id='word_1_192' title='bbox 634 2853 664 2904; x_wconf 89' lang='lat' dir='ltr'><strong>in</strong></span> <span class='ocrx_word' id='word_1_193' title='bbox 678 2852 789 2906; x_wconf 89' lang='lat' dir='ltr'><strong>sedibus</strong></span> <span class='ocrx_word' id='word_1_194' title='bbox 803 2851 895 2920; x_wconf 89' lang='lat' dir='ltr'><strong>Opim,</strong></span> 
     </span>
    </p>

    <p class='ocr_par' dir='ltr' id='par_1_10' title="bbox 214 2939 883 3096">
     <span class='ocr_line' id='line_1_31' title="bbox 214 2939 883 3009; baseline -0.001 -16"><span class='ocrx_word' id='word_1_195' title='bbox 214 2939 302 2993; x_wconf 89' lang='lat' dir='ltr'><strong>Unam</strong></span> <span class='ocrx_word' id='word_1_196' title='bbox 317 2956 349 2992; x_wconf 84' lang='lat' dir='ltr'><strong>ex</strong></span> <span class='ocrx_word' id='word_1_197' title='bbox 363 2939 516 3008; x_wconf 82' lang='lat' dir='ltr'><strong>virginibus</strong></span> <span class='ocrx_word' id='word_1_198' title='bbox 529 2939 609 2992; x_wconf 88' lang='lat' dir='ltr'><strong>sociis</strong></span> <span class='ocrx_word' id='word_1_199' title='bbox 622 2956 754 3009; x_wconf 86' lang='lat' dir='ltr'><strong>sacraque</strong></span> <span class='ocrx_word' id='word_1_200' title='bbox 764 2946 883 3007; x_wconf 77' lang='lat' dir='ltr'><strong>caterva,</strong></span> 
     </span>
     <span class='ocr_line' id='line_1_32' title="bbox 214 3026 833 3096; baseline 0.002 -16"><span class='ocrx_word' id='word_1_201' title='bbox 214 3027 405 3096; x_wconf 85' lang='lat' dir='ltr'><strong>Compellabat</strong></span> <span class='ocrx_word' id='word_1_202' title='bbox 417 3032 446 3080; x_wconf 90' lang='lat' dir='ltr'><strong>et</strong></span> <span class='ocrx_word' id='word_1_203' title='bbox 457 3027 508 3080; x_wconf 91' lang='lat' dir='ltr'><strong>bas</strong></span> <span class='ocrx_word' id='word_1_204' title='bbox 519 3026 607 3080; x_wconf 89' lang='lat' dir='ltr'><strong>tristis</strong></span> <span class='ocrx_word' id='word_1_205' title='bbox 620 3027 737 3081; x_wconf 86' lang='lat' dir='ltr'><strong>Latonia</strong></span> <span class='ocrx_word' id='word_1_206' title='bbox 749 3044 833 3081; x_wconf 89' lang='lat' dir='ltr'><strong>voees</strong></span> 
     </span>
    </p>

    <p class='ocr_par' dir='ltr' id='par_1_11' title="bbox 213 3114 1034 3618">
     <span class='ocr_line' id='line_1_33' title="bbox 214 3114 988 3181; baseline 0 -14"><span class='ocrx_word' id='word_1_207' title='bbox 214 3114 270 3168; x_wconf 87' lang='lat' dir='ltr'><strong>Ore</strong></span> <span class='ocrx_word' id='word_1_208' title='bbox 282 3115 382 3169; x_wconf 88' lang='lat' dir='ltr'><strong>dabat:</strong></span> <span class='ocrx_word' id='word_1_209' title='bbox 405 3116 422 3143; x_wconf 84' lang='lat'>“</span> <span class='ocrx_word' id='word_1_210' title='bbox 431 3114 565 3168; x_wconf 84' lang='lat' dir='ltr'><strong>Graditur</strong></span> <span class='ocrx_word' id='word_1_211' title='bbox 578 3114 678 3166; x_wconf 87' lang='lat' dir='ltr'><strong>bellum</strong></span> <span class='ocrx_word' id='word_1_212' title='bbox 693 3114 726 3168; x_wconf 87' lang='lat' dir='ltr'><strong>ad</strong></span> <span class='ocrx_word' id='word_1_213' title='bbox 740 3115 851 3169; x_wconf 83' lang='lat' dir='ltr'><strong>crudele</strong></span> <span class='ocrx_word' id='word_1_214' title='bbox 866 3114 988 3181; x_wconf 79' lang='lat' dir='ltr'><strong>Camilla,</strong></span> 
     </span>
     <span class='ocr_line' id='line_1_34' title="bbox 214 3201 907 3270; baseline 0 -16"><span class='ocrx_word' id='word_1_215' title='bbox 214 3201 238 3254; x_wconf 86' lang='grc' dir='ltr'>Ο</span> <span class='ocrx_word' id='word_1_216' title='bbox 252 3203 337 3270; x_wconf 85' lang='lat' dir='ltr'><strong>virgo,</strong></span> <span class='ocrx_word' id='word_1_217' title='bbox 352 3209 380 3255; x_wconf 88' lang='lat' dir='ltr'><strong>et</strong></span> <span class='ocrx_word' id='word_1_218' title='bbox 392 3202 494 3255; x_wconf 89' lang='lat' dir='ltr'><strong>nostris</strong></span> <span class='ocrx_word' id='word_1_219' title='bbox 507 3201 671 3270; x_wconf 91' lang='lat' dir='ltr'><strong>nequiqunm</strong></span> <span class='ocrx_word' id='word_1_220' title='bbox 685 3201 804 3270; x_wconf 83' lang='lat' dir='ltr'><strong>cingitur</strong></span> <span class='ocrx_word' id='word_1_221' title='bbox 816 3203 907 3270; x_wconf 91' lang='lat' dir='ltr'><strong>armis,</strong></span> 
     </span>
     <span class='ocr_line' id='line_1_35' title="bbox 214 3287 1034 3356; baseline 0 -14"><span class='ocrx_word' id='word_1_222' title='bbox 214 3287 286 3343; x_wconf 81' lang='lat' dir='ltr'><strong>Gara</strong></span> <span class='ocrx_word' id='word_1_223' title='bbox 299 3289 365 3341; x_wconf 90' lang='lat' dir='ltr'><strong>mibi</strong></span> <span class='ocrx_word' id='word_1_224' title='bbox 379 3294 443 3342; x_wconf 82' lang='lat' dir='ltr'><strong>ente</strong></span> <span class='ocrx_word' id='word_1_225' title='bbox 456 3289 528 3342; x_wconf 88' lang='lat' dir='ltr'><strong>uiias.</strong></span> <span class='ocrx_word' id='word_1_226' title='bbox 567 3287 664 3356; x_wconf 88' lang='lat' dir='ltr'><strong>Neque</strong></span> <span class='ocrx_word' id='word_1_227' title='bbox 676 3290 749 3342; x_wconf 88' lang='lat' dir='ltr'><strong>enim</strong></span> <span class='ocrx_word' id='word_1_228' title='bbox 762 3305 851 3342; x_wconf 90' lang='lat' dir='ltr'><strong>novus</strong></span> <span class='ocrx_word' id='word_1_229' title='bbox 863 3289 916 3342; x_wconf 90' lang='lat' dir='ltr'><strong>iste</strong></span> <span class='ocrx_word' id='word_1_230' title='bbox 928 3288 1034 3342; x_wconf 89' lang='lat' dir='ltr'><strong>Dianae</strong></span> 
     </span>
     <span class='ocr_line' id='line_1_36' title="bbox 214 3374 964 3443; baseline 0.003 -17"><span class='ocrx_word' id='word_1_231' title='bbox 214 3374 300 3427; x_wconf 89' lang='lat' dir='ltr'><strong>Venit</strong></span> <span class='ocrx_word' id='word_1_232' title='bbox 313 3391 397 3439; x_wconf 85' lang='lat' dir='ltr'><strong>amor,</strong></span> <span class='ocrx_word' id='word_1_233' title='bbox 414 3376 561 3443; x_wconf 86' lang='lat' dir='ltr'><strong>subitaque</strong></span> <span class='ocrx_word' id='word_1_234' title='bbox 573 3375 695 3428; x_wconf 84' lang='lat' dir='ltr'><strong>animum</strong></span> <span class='ocrx_word' id='word_1_235' title='bbox 709 3375 854 3429; x_wconf 88' lang='lat' dir='ltr'><strong>dulcedine</strong></span> <span class='ocrx_word' id='word_1_236' title='bbox 867 3375 964 3430; x_wconf 87' lang='lat' dir='ltr'><strong>movit.</strong></span> 
     </span>
     <span class='ocr_line' id='line_1_37' title="bbox 213 3459 878 3530; baseline 0.006 -18"><span class='ocrx_word' id='word_1_237' title='bbox 213 3459 311 3512; x_wconf 82' lang='lat' dir='ltr'><strong>Pulsus</strong></span> <span class='ocrx_word' id='word_1_238' title='bbox 323 3461 359 3512; x_wconf 94' lang='lat' dir='ltr'><strong>cb</strong></span> <span class='ocrx_word' id='word_1_239' title='bbox 372 3459 503 3514; x_wconf 88' lang='lat' dir='ltr'><strong>invidiam</strong></span> <span class='ocrx_word' id='word_1_240' title='bbox 515 3477 602 3528; x_wconf 83' lang='lat' dir='ltr'><strong>regno</strong></span> <span class='ocrx_word' id='word_1_241' title='bbox 614 3462 733 3530; x_wconf 83' lang='lat' dir='ltr'><strong>virisque</strong></span> <span class='ocrx_word' id='word_1_242' title='bbox 746 3463 878 3530; x_wconf 86' lang='lat' dir='ltr'><strong>superbas</strong></span> 
     </span>
     <span class='ocr_line' id='line_1_38' title="bbox 214 3543 938 3618; baseline 0.01 -22"><span class='ocrx_word' id='word_1_243' title='bbox 214 3543 351 3597; x_wconf 84' lang='lat' dir='ltr'><strong>Priverno</strong></span> <span class='ocrx_word' id='word_1_244' title='bbox 363 3546 476 3613; x_wconf 89' lang='lat' dir='ltr'><strong>antiqua</strong></span> <span class='ocrx_word' id='word_1_245' title='bbox 487 3545 614 3600; x_wconf 80' lang='lat' dir='ltr'><strong>Metabus</strong></span> <span class='ocrx_word' id='word_1_246' title='bbox 627 3564 689 3600; x_wconf 90' lang='lat' dir='ltr'><strong>cum</strong></span> <span class='ocrx_word' id='word_1_247' title='bbox 702 3548 849 3602; x_wconf 83' lang='lat' dir='ltr'><strong>excederet</strong></span> <span class='ocrx_word' id='word_1_248' title='bbox 861 3550 938 3618; x_wconf 83' lang='lat' dir='ltr'><strong>urbe,</strong></span> 
     </span>
    </p>
   </div>
   <div class='ocr_carea' id='block_1_3' title="bbox 0 0 1332 3940">
    <p class='ocr_par' dir='ltr' id='par_1_12' title="bbox 0 0 1332 3940">
     <span class='ocr_line' id='line_1_39' title="bbox 0 0 1332 3940; baseline 0 1"><span class='ocrx_word' id='word_1_249' title='bbox 0 0 1332 3940; x_wconf 95' lang='lat' dir='ltr'><strong> </strong></span> 
     </span>
    </p>
   </div>
  </div>
 </body>
</html>
