2730 3936
463 172 599 221 vuuurm
622 172 786 223 Auunluos
809 175 855 224 111.

180 330 327 384 Servatum
342 349 378 385 ex
391 333 473 386 undis
486 333 673 401 Strophadum
687 351 731 388 me
743 334 825 388 litora
837 336 957 404 primum

148 415 310 486 Aeeipinnt,
333 418 504 488 Strophades
517 420 601 474 Graio
615 427 690 474 stant
703 423 813 475 nomine
827 422 925 490 dietae,

145 503 254 558 Insulae
267 505 346 558 Ionio
359 507 389 558 in
402 523 510 574 magno,
526 525 592 576 quas
605 509 665 562 dira
678 509 798 562 Celaeno

144 590 342 660 Harpyiaeque
355 593 450 646 eolunt
462 594 538 661 aliae,
553 594 668 649 Phineia
681 601 827 664 postquam

144 676 247 731 Olausa
259 678 365 746 domus,
380 696 542 748 mensasque
555 687 629 735 metu
643 681 747 751 liquere
760 682 873 751 priores,

143 764 262 818 Tristius
274 765 350 819 haud
362 766 417 819 illis
430 773 589 836 monstrum,
604 785 655 822 neo
669 770 776 823 saevior
788 769 844 823 nlla

142 851 235 906 Pestis
248 857 277 906 et
288 853 331 906 ira
342 853 425 906 deum
439 853 543 923 Stygiis
556 871 615 909 sese
629 856 728 909 extulit
741 856 830 910 undis.

143 939 274 1006 Virginei
287 939 431 993 voluerum
445 940 543 1008 voltus,
558 941 715 996 foedissima
727 943 832 996 ventris

141 1026 298 1095 Proluvies,
314 1043 454 1096 uncaeque
465 1045 572 1096 manus,
587 1036 614 1082 et
628 1029 729 1098 pallida
741 1046 849 1098 semper

142 1113 202 1168 Ora
215 1113 295 1167 fame.

141 1202 207 1256 Huo
221 1203 268 1255 ubi
282 1203 363 1256 delati
375 1207 473 1272 portus
484 1204 656 1273 intravimus,
671 1222 736 1260 eeoe

141 1290 231 1343 Laeta
243 1289 325 1342 boum
339 1290 439 1358 passim
455 1291 560 1361 eampis
572 1297 697 1348 armenta
710 1293 835 1347 videmus

142 1376 383 1445 (laprigenumque
395 1393 479 1446 peous
491 1378 567 1432 nullo
581 1380 695 1433 custode
709 1397 757 1448 per
769 1380 878 1435 herbas.

143 1463 284 1517 lnruimns
296 1464 379 1532 ferre,
394 1469 423 1518 et
433 1465 511 1519 divos
524 1467 669 1535 ipsumque
682 1485 813 1522 vocamus

141 1551 176 1604 In
190 1558 299 1619 partem
310 1551 496 1622 praedamque
508 1552 617 1622 lovem,
638 1559 697 1608 tum
710 1554 790 1608 litore
803 1572 888 1608 ourvo

140 1637 372 1707 Exstruimusque
385 1644 461 1692 toros
473 1640 642 1710 dapibusque
654 1642 797 1709 epulemur
809 1643 916 1711 opimis.

142 1724 185 1778 At
198 1725 306 1779 subitae
318 1725 448 1780 horrifico
461 1727 541 1796 lapsu
554 1727 588 1781 de
600 1729 744 1782 montibus
756 1729 856 1783 adsrmt

143 1812 285 1882 Harpyiae
298 1821 326 1868 et
339 1817 447 1884 magnis
460 1816 588 1884 quatiunt
601 1816 775 1883 clangoribus
788 1817 853 1884 alas,

142 1900 339 1972 Diripiantque
353 1903 437 1973 dapes
452 1909 636 1972 oontaetnque
650 1904 742 1956 omnia
755 1903 869 1957 foedant

142 1987 307 2057 immund03
327 1996 386 2043 tum
398 1983 455 2044 ¹vor
468 1994 588 2044 taetrum
602 1990 662 2043 dira
675 1991 748 2043 inter
761 1991 882 2044 odorem.

144 2074 266 2128 Rursum
277 2077 306 2130 in
320 2094 426 2132 secessu
440 2077 525 2146 longo
538 2077 589 2130 sub
601 2093 670 2146 rupe
683 2083 789 2143 cavata,

142 2161 301 2217 Arboribus
315 2165 398 2218 clausi
411 2166 513 2219 eireum
527 2160 610 2233 at'que
623 2164 800 2218 horrentibus
813 2165 925 2233 umbris,

142 2249 310 2304 Instruimns
321 2268 429 2305 mensas
442 2253 551 2320 arisque
564 2250 723 2321 reponimus
735 2251 844 2318 ignem:

141 2337 265 2390 Rursum
278 2355 312 2391 ex
324 2338 433 2393 diverso
447 2339 514 2393 caeli
528 2339 667 2407 eaeoisque
680 2338 794 2392 latebris

141 2424 235 2478 Turba
248 2441 348 2479 sonans
360 2426 489 2493 praedam
503 2426 619 2495 pedibus
633 2426 815 2479 eircumvolat
828 2427 912 2493 uncis,

140 2512 248 2566 Polluit
262 2529 310 2566 ore
322 2514 414 2581 dapes.
453 2513 539 2567 Sooiis
551 2519 625 2581 tuno,
640 2530 717 2567 arma
730 2518 880 2582 capessant,

140 2599 238 2668 Edieo,
254 2605 282 2653 et
294 2600 354 2654 dira
367 2601 468 2654 bellum
481 2619 545 2654 oum
558 2608 640 2671 gente
653 2601 812 2670 gerendum.

141 2684 224 2739 Haud
239 2702 318 2739 seous
330 2703 362 2740 ae
374 2686 441 2740 iussi
453 2687 567 2755 faciunt,
583 2692 725 2756 tectosque
739 2703 787 2756 per
799 2686 914 2740 herbam

140 2772 301 2842 Disponuut
314 2791 392 2827 enses
405 2781 433 2827 et
446 2780 522 2828 scuta
535 2775 651 2828 latentia
665 2775 796 2828 eondunt.

140 2860 217 2928 Ergo
232 2861 278 2914 ubi
290 2860 417 2929 delapsae
431 2862 552 2914 sonitum
565 2878 614 2929 per
628 2878 713 2916 curva
726 2861 827 2915 dedere

140 2947 246 3016 Litora,
260 2947 309 3002 dat
321 2949 429 3016 signum.
442 2949 552 3016 speeula
565 2947 685 3002 Misenus
698 2949 733 3002 ab
747 2948 802 3003 alta

140 3037 215 3089 Aere
229 3052 306 3088 cavo.
345 3034 483 3088 invadunt
496 3035 568 3099 socii,
584 3040 612 3088 et
625 3051 698 3088 nova
710 3036 815 3103 proelia
826 3041 973 3106 temptant,

141 3121 284 3174 Obscenas
297 3119 387 3188 pelagi
399 3119 473 3172 ferro
486 3119 600 3173 foedare
614 3119 747 3172 volueres,

139 3207 192 3262 Sed
206 3223 299 3276 neque
311 3206 368 3259 vim
381 3206 481 3274 plumis
493 3207 577 3259 ullam
590 3223 640 3259 nee
653 3206 765 3260 volnera
777 3213 856 3276 tergo

138 3295 300 3363 Accipiunt,
315 3292 452 3361 celerique
466 3293 532 3360 luga
544 3294 594 3345 sub
608 3293 697 3346 sidera
709 3293 800 3362 lapsae

138 3381 281 3436 Semesam
294 3380 425 3449 praedam
440 3385 468 3432 et
482 3380 596 3448 vestigia
609 3380 689 3433 foeda
701 3379 869 3449 relinquunt.

138 3467 200 3523 Una
213 3470 242 3522 in
256 3466 401 3538 praecelsa
413 3466 537 3519 oonsedit
550 3483 618 3534 rupe
632 3466 758 3535 Celaeno,
