2730 3936
424 213 561 264 venenu
584 213 749 264 AENEIDOS
771 215 804 266 11.

116 374 166 429 Iam
179 393 295 430 summas
308 393 386 430 arces
399 376 531 444 Tritonia,
546 377 659 444 respice,
674 375 766 431 Pallas

115 463 219 532 Insedit,
233 467 329 520 nimbo
342 465 476 534 effulgens
489 471 517 519 et
530 465 661 533 Gorgone
673 481 762 518 saeva.

115 551 171 620 Ipse
183 552 265 606 Pater
276 553 382 607 Danais
395 554 502 606 animos
513 553 635 620 virisque
648 551 781 605 secundas

115 637 219 707 Sufficit,
234 641 291 708 ipse
305 639 371 693 deos
383 641 412 692 in
424 639 555 693 Dardana
568 638 682 692 suscitet
695 654 779 692 arma.

114 724 197 794 Eripe,
211 733 282 790 nate,
297 728 401 796 fugam,
416 727 554 795 finemque
567 726 679 795 impone
692 725 788 780 labori.

114 811 248 882 Nusquam
263 815 356 881 abere,
371 818 399 867 et
414 820 505 867 tutum
518 813 609 882 patrio
623 824 650 866 te
663 812 759 866 limine
771 813 894 868 sistumff'

112 897 228 971 Dixerat,
243 908 272 956 et
285 902 379 971 spissis
391 902 481 955 noctis
493 917 522 955 se
534 900 658 954 condidit
671 901 784 955 umbris.

113 988 248 1056 Apparent
261 989 339 1043 dirae
351 990 437 1044 iacies
449 990 614 1059 inimicaque
627 991 725 1045 Troiae

111 1074 226 1131 Numina
236 1093 338 1145 magna
350 1077 441 1130 deum.

143 1163 209 1216 Tum
222 1180 290 1218 vero
304 1180 385 1217 omne
397 1164 464 1217 mihi
480 1165 568 1218 visum
584 1166 727 1220 considere
740 1166 769 1218 in
782 1166 854 1234 mnis

112 1250 185 1304 Ilium
198 1257 225 1304 et
238 1268 273 1305 ex
286 1250 343 1304 imo
355 1251 427 1304 verti
441 1250 584 1321 Neptunia
600 1253 698 1321 Troia;

111 1338 149 1392 Ac
161 1338 245 1392 veluti
258 1338 373 1392 summis
385 1339 527 1407 antiquam
541 1341 569 1392 in
583 1341 723 1394 montibus
736 1357 834 1394 ornum

112 1426 174 1478 dum
186 1426 259 1479 ferro
274 1427 392 1479 accisam
404 1427 561 1496 crebrisque
578 1428 743 1496 bipennibus
755 1429 860 1482 instent

49 1531 51 1536 ’
110 1511 206 1568 Eruere
219 1515 359 1584 agricolae
372 1518 498 1570 certatim
509 1535 516 1582 ;
537 1515 585 1569 illa
598 1533 684 1584 usque
695 1516 817 1568 minatur

110 1599 142 1653 Et
154 1604 314 1657 tremefacta
327 1619 432 1656 comam
448 1619 582 1657 concusso
597 1603 700 1656 vertice
713 1608 801 1670 nutat,

109 1686 273 1744 Vulneribus
287 1690 376 1743 donec
388 1691 522 1759 paulatim
535 1691 625 1744 evicta
637 1707 795 1758 supremum

110 1775 271 1844 Oongemuit
286 1778 425 1846 traxitque
437 1777 506 1845 iugis
520 1777 615 1831 avulsa
625 1778 743 1830 ruinam.

108 1859 254 1933 Descendo‚
271 1881 304 1918 ac
317 1864 435 1918 ducente
449 1865 500 1918 deo
513 1865 652 1918 flammam
665 1866 738 1918 inter
750 1870 778 1918 et
790 1864 878 1918 hostis

108 1947 258 2019 Expedior3
283 1951 349 2006 dant
361 1952 418 2006 tela
429 1952 528 2021 locum,
543 1951 723 2020 flammaeque
736 1951 877 2006 recedunt.

141 2043 231 2107 Atque
245 2039 295 2092 nbi
307 2039 361 2093 iarn
375 2041 481 2108 patriae
494 2046 659 2108 perventum
671 2039 706 2092 ad
719 2038 815 2092 limina
827 2039 899 2090 sedis

111 2124 297 2196 Antiquusque
310 2127 414 2194 domos,
428 2128 545 2196 genitor,
561 2143 641 2196 quem
654 2126 751 2180 tollere
763 2126 791 2178 in
804 2126 875 2178 altos

110 2210 241 2280 Optabam
255 2215 378 2284 primurn
390 2215 494 2268 montis
505 2215 678 2283 primumque
690 2212 826 2282 petebam,

109 2299 231 2370 Abnegat
244 2301 340 2356 excisa
351 2302 434 2356 vitam
448 2302 599 2371 producere
612 2301 694 2354 Troia

109 2383 294 2459 Exsiliumque
307 2389 373 2458 pati.
414 2388 502 2442 “Vos
514 2407 539 2458 o,
555 2389 654 2458 quibus
666 2390 774 2456 integer
787 2389 847 2442 aevi

109 2472 216 2544 Sanguis
227 2477 243 2505 ”
258 2477 299 2532 ait
324 2478 341 2506 ‘⁴
357 2477 513 2546 solidaeque
526 2493 575 2531 suo
588 2482 663 2530 stant
675 2477 776 2530 robore
789 2476 868 2541 vires,

109 2558 164 2615 Vos
176 2565 283 2632 agitate
295 2565 397 2633 fugam.

108 2643 149 2700 Me
163 2649 183 2702 si
200 2650 349 2704 caelicolae
362 2650 514 2704 voluissent
527 2650 627 2704 ducere
640 2650 735 2717 vitam,

109 2731 161 2788 Has
172 2738 240 2790 mihi
253 2742 411 2791 servassent
423 2738 509 2791 sedes.
549 2737 621 2791 Satis
635 2753 688 2790 una
702 2752 837 2805 superque

110 2818 232 2879 Vidimus
245 2825 368 2879 exscidia
380 2831 409 2879 et
421 2834 517 2895 captae
530 2826 719 2894 superavimus
733 2824 800 2877 urbi.

35 2981 38 2988 Ι
110 2907 150 2962 Sic
162 2928 186 2980 o,
201 2913 240 2966 sic
253 2913 376 2981 positum
389 2912 474 2967 adfati
487 2912 619 2966 discedite
633 2929 741 2980 corpus.

109 2993 166 3062 lpse
178 3016 262 3053 mann
275 3004 393 3052 mortem
408 3000 563 3065 inveniam,
583 3000 758 3054 miserebitur
770 2998 860 3050 hostis

109 3082 280 3156 Exuviasque
292 3092 385 3156 petet3
407 3087 498 3141 facilis
511 3089 617 3142 iactura
630 3086 758 3154 sepulcri.

109 3168 162 3224 lam
175 3174 284 3242 pridem
296 3174 401 3227 invisus
413 3173 483 3227 divis
497 3182 525 3228 et
537 3175 642 3228 inutilis
656 3191 743 3228 annos

108 3255 249 3328 Demeror,
264 3277 298 3314 ex
312 3277 367 3330 quo
379 3277 423 3314 me
437 3260 531 3315 divom
542 3267 622 3330 peter
637 3268 718 3330 atque
730 3260 876 3313 hominurn
889 3276 936 3314 rex

108 3342 238 3400 Fulminis
251 3347 367 3401 adflavit
380 3348 468 3400 ventis
481 3354 508 3400 et
522 3348 637 3416 contigit
649 3347 734 3416 igni.”

140 3432 214 3488 Talia
226 3435 370 3504 perstabat
382 3451 546 3502 memorans,
561 3435 684 3504 fixusque
696 3435 834 3490 manebat.

109 3519 134 3573 N
135 3538 164 3574 os
176 3527 275 3576 contra
286 3522 368 3576 effusi
380 3521 502 3575 lacrimis
515 3523 689 3591 coniunxque
704 3522 807 3575 Creusa
