2734 3936
479 235 617 286 VERGILI
640 233 827 284 eucnemon
850 234 870 283 Ι.

165 400 290 470 Septima
302 403 366 470 post
378 398 512 452 decimam
524 397 589 451 felix
602 401 630 450 et
643 413 745 464 ponere
758 395 852 463 vitem,

164 487 202 541 Et
214 503 329 557 prensos
340 485 476 539 domitare
488 485 580 550 borea,
594 492 622 537 ot
634 484 696 536 licia
708 482 779 536 telae

166 574 293 640 Addere3
314 590 389 627 nona
400 573 482 639 fugae
493 571 597 639 melior,
612 571 752 624 contraria
762 569 854 623 furtis.

201 658 291 712 Multa
302 657 372 711 adeo
385 657 475 726 gelida
486 656 583 709 melius
597 672 626 708 se
638 661 720 708 nocte
733 654 842 722 dedere,

167 745 227 798 Aut
239 762 301 799 cum
314 744 371 798 sole
384 760 457 796 novo
470 748 557 796 terras
569 743 674 796 inrorat
686 741 768 795 Eous.

166 832 258 886 Nocte
269 833 344 886 leves
355 831 453 884 melius
465 829 590 899 stipulae,
604 833 686 882 nocte
698 829 774 882 arida
786 835 867 896 prata

166 919 342 986 Tondentur3
362 923 459 971 noctes
470 917 562 970 lentus
575 932 631 969 non
644 913 738 970 deficit
750 931 838 969 umor.

166 1007 203 1059 Et
217 1006 326 1074 quidam
340 1023 415 1059 seros
424 1005 533 1058 hiberni
547 1004 582 1058 ad
594 1003 704 1056 luminis
715 1003 787 1071 ignis

166 1094 326 1162 Pervigilat,
340 1094 469 1162 ferroque
481 1093 557 1146 faces
567 1089 686 1159 inspicat
698 1095 794 1159 acut03

166 1181 278 1234 Interea
289 1181 402 1248 longum
414 1183 496 1233 cantu
509 1179 597 1232 solata
608 1177 729 1232 laborem

167 1267 278 1336 Arguto
291 1269 411 1322 coniunx
422 1267 560 1336 percurrit
571 1266 680 1334 pectine
692 1265 768 1334 telas,

167 1354 227 1408 Aut
239 1355 326 1408 dulcis
338 1355 422 1407 musti
435 1353 562 1408 Volcano
575 1353 704 1422 decoquit
716 1369 840 1407 umorem

165 1442 204 1495 Et
216 1442 291 1495 foliis
303 1441 405 1494 undam
417 1441 518 1510 trepidi
531 1441 677 1509 despumat
689 1439 757 1494 aeni.

167 1532 208 1583 At
219 1529 373 1584 rubicunda
385 1530 468 1583 Ocres
480 1529 572 1582 medio
586 1527 734 1582 succiditur
747 1532 833 1596 aestu,

165 1617 204 1670 Et
217 1617 307 1670 medio
319 1621 406 1671 tostas
419 1622 495 1671 aestu
507 1615 574 1670 terit
586 1631 650 1669 area
660 1615 760 1684 fruges.

166 1703 266 1756 Nudus
278 1719 333 1771 ara,
348 1720 407 1757 sere
419 1703 524 1770 nudus3
544 1703 632 1756 hiems
643 1703 744 1772 ignava
755 1704 863 1756 colono.

166 1790 328 1858 Frigoribus
340 1796 419 1859 parto
432 1789 567 1858 agricolae
580 1789 740 1859 plerumque
751 1790 888 1858 fruuntur,

166 1877 317 1946 Mutuaque
329 1877 402 1930 inter
413 1893 442 1930 se
454 1875 520 1930 laeti
532 1877 659 1931 convivia
671 1883 777 1931 curant.

166 1962 273 2016 Invitat
284 1963 399 2031 genialis
411 1963 499 2017 hiems
511 1981 644 2033 curasque
656 1966 785 2020 resolvit:

167 2051 225 2104 (lou
239 2067 347 2118 pressae
360 2067 423 2103 oum
435 2051 489 2104 iarn
503 2056 614 2119 portum
628 2053 744 2121 tetigere
757 2056 873 2122 carinae,

166 2137 311 2206 Puppibus
322 2143 351 2190 et
361 2137 427 2192 laeti
441 2146 540 2192 nautae
553 2139 709 2208 imposuero
721 2158 844 2197 coronas.

167 2224 223 2277 Sed
234 2230 328 2278 tamen
341 2231 369 2278 et
382 2242 499 2294 quernas
511 2226 623 2294 glandes
634 2231 694 2280 tum
707 2229 842 2298 stringere
854 2235 964 2300 tempus

166 2311 205 2365 Et
216 2311 287 2366 lauri
300 2312 381 2366 bacas
393 2313 535 2381 oleamque
548 2319 715 2383 cruentaque
728 2323 834 2383 myrta3

166 2398 236 2451 Tum
249 2399 363 2466 gruibus
374 2399 485 2468 pedicas
496 2405 525 2453 et
537 2401 607 2454 retia
618 2417 720 2470 ponere
733 2403 827 2471 cervis,

166 2485 338 2554 Auritosque
351 2488 427 2555 sequi
439 2486 561 2555 lepores3
581 2494 640 2541 turn
653 2488 737 2556 figere
750 2491 880 2562 dammas,

167 2573 291 2641 Stuppea
303 2578 477 2642 torquentem
490 2575 612 2629 Balearis
626 2577 741 2632 verbera
753 2579 862 2649 fundae,

168 2660 238 2712 Cum
250 2664 298 2712 nix
311 2661 365 2714 alta
377 2661 455 2729 iacet,
470 2661 584 2730 glaciem
598 2681 660 2717 cum
673 2664 786 2720 flumina
798 2668 922 2723 trudunt.

202 2747 274 2812 Quid
288 2752 466 2818 tempestates
479 2751 602 2803 autumni
615 2756 643 2804 et
656 2752 746 2806 sidera
758 2753 856 2819 dicam,

167 2835 265 2904 Atque
284 2836 331 2888 ubi
343 2837 397 2889 iam
410 2837 573 2906 breviorque
586 2838 644 2891 dies
658 2848 686 2892 et
698 2841 808 2894 mollior
819 2848 914 2906 aeetae,

168 2922 244 2986 Quae
257 2922 396 2990 vigilanda
408 2923 493 2976 virisl
512 2923 557 2977 vel
570 2941 632 2978 cum
645 2926 700 2978 ruit
713 2927 885 2982 imbriferum
902 2947 956 2998 ver,

168 3009 264 3077 Spicea
274 3010 329 3064 iarn
344 3011 446 3079 campis
459 3028 522 3065 cum
534 3013 629 3066 messis
642 3013 787 3082 inhorruit,
803 3023 830 3070 et
843 3035 904 3071 curn

167 3095 317 3151 Frumenta
329 3098 359 3151 in
371 3098 454 3151 viridi
468 3101 568 3169 stipula
580 3101 712 3156 lactentia
724 3106 856 3172 turgenti

168 3183 254 3253 Saepe
266 3201 325 3253 ego,
340 3202 403 3238 cum
416 3185 495 3240 flavis
509 3205 658 3242 messorem
671 3190 815 3245 induceret
828 3193 900 3246 arvis

167 3271 297 3338 Agricola
309 3277 338 3325 et
350 3272 444 3341 fragili
456 3273 510 3328 iam
524 3275 671 3344 stringeret
684 3277 788 3332 bordea
800 3280 899 3346 culmo,

168 3356 266 3412 Omnia
278 3363 426 3412 ventorum
439 3376 599 3415 concurrere
612 3363 717 3430 proelia
730 3365 793 3431 vidi,

168 3443 243 3508 Quae
255 3444 399 3513 gravidam
411 3445 467 3499 late
480 3453 599 3516 segetem
613 3449 647 3502 ab
660 3451 797 3505 radicibus
809 3453 872 3505 imis

169 3529 318 3586 Sublimem
331 3532 475 3600 expulsam
488 3542 631 3604 eruerent3
652 3537 692 3591 ita
704 3539 815 3593 turbine
828 3541 908 3607 nigro
