2656 3940
530 216 667 266 vanam
690 217 855 267 Annulnos
877 218 921 266 XI.

219 378 375 433 Observans
388 378 474 446 oculis
486 395 594 432 summo
607 379 685 432 sedet
698 379 769 433 altus
782 378 910 448 Olympo.

217 466 391 534 Tyrrhenum
403 466 513 534 genitor
526 465 698 520 Tarchonem
714 468 743 520 in
756 467 862 535 proelia
873 483 955 522 saeva

218 553 346 622 Suscitat,
361 559 389 608 et
401 554 519 608 stimulis
531 554 607 608 haud
619 555 747 608 mollibus
758 555 838 609 inicit
849 555 912 608 iras.

219 642 292 710 Ergo
304 643 377 696 iuter
390 642 487 696 caedes
500 642 681 710 cedentiaque
693 643 803 710 agmina
815 641 943 695 Tarchon

217 729 318 782 Fertur
330 745 410 798 equo,
425 729 562 798 variisque
576 729 688 798 instigat
701 730 814 783 vocibus
826 729 890 797 alas,

218 816 339 870 Nomine
352 832 488 886 quemque
501 833 611 885 vocaus,
626 816 769 886 reficitque
781 817 811 870 in
824 817 929 886 proelia
940 817 1043 886 pulsos.

219 903 314 968 “Quis
327 911 424 972 metus,
439 920 455 956 o
468 919 618 971 numquam
631 903 752 970 dolituri,
768 922 785 956 o
802 920 911 973 semper
923 904 1027 958 inertes

218 990 363 1058 Tyrrheni,
378 1007 447 1059 quae
460 996 539 1044 tanta
552 990 651 1044 animis
666 991 777 1058 ignavia
790 993 884 1046 veuitl

218 1078 333 1132 Femina
344 1077 463 1146 palantis
478 1077 542 1146 agit,
557 1083 640 1146 atque
652 1077 720 1132 haec
733 1079 843 1146 agmina
857 1079 956 1133 vertit?

219 1166 281 1231 Quo
294 1166 408 1231 ferrum,
424 1164 525 1233 quidve
537 1164 606 1218 haee
621 1166 741 1233 gerimus
753 1166 811 1220 tela
822 1167 907 1220 inrita
920 1165 1040 1220 dextris!

219 1252 259 1305 At
271 1269 326 1305 uon
339 1253 368 1304 in
380 1250 522 1305 Venerem
535 1268 634 1319 segnes
650 1261 841 1323 nocturnaque
853 1254 933 1322 bella,

218 1341 285 1408 Aut,
300 1340 346 1394 ubi
359 1355 444 1393 curva
457 1339 557 1392 choros
568 1339 670 1393 indixit
682 1341 751 1395 tibia
763 1341 873 1409 Bacchi,

218 1428 386 1496 Exspectare
399 1427 483 1495 dapes
495 1432 523 1479 et
536 1426 635 1496 plenae
647 1430 747 1497 pocula
757 1447 915 1498 mensae,-

219 1517 273 1570 Hic
285 1533 370 1580 amor,
383 1515 438 1568 hoc
451 1513 671 1568 studium—duro
687 1533 765 1571 sacra
778 1518 914 1571 secundus
926 1517 1065 1585 haruspex

219 1603 345 1670 Nuntiet,
360 1619 391 1656 ao
404 1603 479 1656 lucos
492 1610 574 1657 vocet
587 1604 677 1658 hostia
690 1606 800 1674 pinguis
811 1608 841 1658 in
854 1605 951 1658 altos.”

218 1691 295 1744 Haec
308 1690 408 1743 effatus
420 1706 520 1759 equum
535 1692 563 1745 in
576 1693 690 1761 medios,
704 1693 856 1746 moriturus
868 1698 897 1746 ct
910 1694 974 1761 ipse,

219 1777 357 1843 (lonoitat,
372 1782 400 1830 et
414 1776 525 1832 Venulo
539 1779 684 1833 adversum
698 1797 727 1834 se
738 1781 867 1834 turbidus
878 1781 971 1848 insert,

218 1865 427 1935 Dereptumque
441 1866 477 1919 ab
489 1883 560 1936 equo
577 1868 676 1922 dextra
688 1868 882 1936 complectitur
894 1867 1002 1921 hostem

219 1954 256 2007 Et
269 1955 405 2024 gremium
418 1959 482 2008 aute
499 1971 579 2008 suum
592 1955 720 2009 multari
733 1957 858 2009 concitus
871 1956 968 2008 aufert

219 2041 336 2096 Tollitur
345 2045 374 2097 in
387 2045 492 2099 caelum
507 2046 618 2112 clamor,
634 2043 781 2112 cunctique
795 2043 885 2097 Latini

220 2131 390 2189 Convertere
404 2134 506 2187 oculos.
544 2131 631 2186 Volat
642 2132 739 2200 igneus
752 2147 871 2200 aequore
884 2130 1017 2195 Tarchon,

219 2221 307 2275 Arma
319 2223 464 2290 virumque
476 2221 583 2286 ferens;
605 2226 665 2272 tum
679 2235 786 2272 summa
798 2218 883 2286 ipsius
896 2219 930 2271 ab
944 2217 1024 2270 hasta

218 2308 361 2378 Defringit
374 2310 487 2376 ferrum,
502 2315 531 2362 et
542 2307 629 2394 partip
641 2307 758 2360 rimatur
771 2312 886 2374 apertas,

220 2396 281 2461 Qua
293 2397 391 2450 volnus
403 2396 485 2450 letale
497 2396 585 2454 ferat:
606 2399 702 2447 contra
714 2393 761 2446 ille
774 2408 930 2461 repugnans

220 2482 342 2536 Sustinet
355 2500 371 2536 a
383 2482 477 2550 iugulo
490 2482 625 2548 dextram,
641 2487 669 2534 et
682 2481 739 2533 vim
753 2479 858 2532 viribus
871 2479 936 2535 exit.

220 2568 312 2638 thue
325 2570 420 2623 volans
433 2570 488 2624 alte
500 2574 609 2637 raptum
624 2586 687 2622 cum
700 2567 777 2621 fulva
788 2566 936 2620 draconem

219 2657 285 2709 Fert
297 2658 396 2726 aquila,
410 2657 599 2726 implicuitque
613 2656 704 2725 pedes,
721 2664 802 2724 atque
814 2654 953 2721 unguibus
965 2653 1070 2716 haesit;

220 2743 334 2798 Saucius
346 2751 375 2798 at
387 2761 500 2813 serpens
513 2745 624 2798 sinuosa
636 2743 777 2796 volumina
789 2747 889 2809 versat,

219 2832 397 2901 Arrectisque
411 2833 506 2886 horret
518 2832 644 2900 squamis,
659 2837 687 2884 et
700 2830 792 2884 sibilat
805 2845 860 2897 ore,

219 2920 333 2973 Arduus
345 2921 506 2986 insurgeus3
526 2919 574 2972 illa
586 2918 659 2972 haud
671 2918 763 2970 minus
775 2922 855 2980 urget
867 2916 974 2969 obunco

219 3008 382 3063 Luctantem
397 3018 504 3073 rostr03
525 3005 606 3058 simul
619 3003 732 3058 aethera
746 3003 875 3056 verberat
889 3003 953 3056 alis:

220 3095 300 3149 Haud
313 3095 393 3150 aliter
405 3095 536 3163 praedam
549 3092 693 3145 Tiburtum
707 3107 740 3143 ex
754 3090 861 3158 agmine
875 3090 1001 3144 Tarchon

219 3183 318 3236 Portet
331 3199 424 3237 ovans.
463 3181 548 3233 Ducis
561 3178 717 3247 exemplum
731 3183 915 3246 eventumque
928 3177 1015 3231 secuti

219 3269 381 3323 Maeonidae
393 3270 545 3322 incurrunt.
582 3264 651 3319 Tum
664 3264 730 3318 fatis
743 3263 853 3317 debitus
865 3264 975 3317 Arruns

220 3354 352 3408 Velocem
367 3355 455 3408 iaculo
468 3360 497 3408 et
508 3352 596 3408 multa
608 3352 685 3421 prior
698 3357 757 3405 arte
771 3350 916 3406 Camillam

221 3440 334 3508 Oircuit,
349 3445 385 3504 et,
400 3457 469 3508 quae
482 3442 518 3493 sit
529 3441 644 3493 fortuna
655 3438 794 3504 facillima,
809 3443 936 3507 temptat.

221 3525 283 3590 Qua
295 3541 324 3578 se
337 3541 454 3594 cumque
465 3525 561 3579 furens
573 3525 665 3580 medio
677 3525 742 3578 tulit
755 3525 862 3590 agmine
876 3525 963 3593 virgo,
