2730 3936
463 259 602 310 VERGILI
626 259 790 310 AllNllIDOS
813 259 845 310 IL

151 424 217 478 Hinc
229 424 295 478 mihi
309 422 400 494 prima
411 421 477 476 mali
489 421 572 490 labes,
587 421 652 475 hinc
666 438 773 490 semper
786 421 882 476 Ulixes

147 517 311 570 Criminibus
323 521 429 568 terrere
442 513 528 580 novis,
543 513 608 566 hinc
623 529 752 582 spargere
767 529 847 566 voces

146 604 176 656 ln
190 604 297 672 volgum
313 602 462 670 ambiguas,
477 607 505 654 et
518 617 649 669 quaerere
663 600 787 653 conscius
801 617 885 655 arma.

146 690 202 745 Nec
214 690 350 760 requievit
362 689 444 756 enim,
459 687 547 742 donec
561 686 714 741 Calchante
728 687 890 740 ministro-

145 778 196 831 Sed
209 778 275 848 quid
289 777 422 846 egohaec
436 781 528 830 autem
542 775 707 844 nequiquam
721 774 828 841 ingrata
841 774 974 830 revolvol

145 865 251 930 Quidve
264 882 365 933 moror,
381 865 403 918 si
416 863 505 917 omnis
518 878 575 915 uno
589 860 686 916 ordine
698 861 805 914 habetis
818 861 951 930 Achivos,
987 885 996 900 ·

144 952 230 1021 idque
239 952 336 1006 audire
348 957 391 1006 sat
403 952 465 1006 estl
503 948 667 1004 Iamdudum
682 948 780 1002 sumite
793 965 914 1017 poenos3

144 1038 202 1093 Hoc
215 1040 329 1093 Ithacus
341 1039 416 1104 velit,
431 1043 459 1092 et
472 1052 572 1105 magno
584 1041 742 1090 mercentur
755 1035 898 1090 Atridae.”

176 1127 246 1180 Tum
257 1144 323 1181 vero
336 1127 463 1181 ardemus
475 1123 569 1179 scitari
582 1132 610 1177 et
623 1139 754 1193 quaerere
767 1138 870 1191 causas,

142 1213 233 1282 Ignari
248 1215 381 1268 scelerum
396 1221 536 1268 tantorum
554 1211 675 1280 artisque
689 1209 827 1278 Pelasgae.

142 1300 322 1370 Prosequitur
334 1303 468 1370 pavitans,
483 1307 511 1355 ct
521 1300 586 1355 ficto
599 1304 711 1368 pectore
724 1297 799 1351 fatur
810 1315 817 1350 :

177 1391 193 1418 “
204 1389 294 1459 Saepe
307 1391 401 1459 fugam
415 1389 504 1444 Danai
517 1387 599 1442 Troia
612 1387 723 1455 cupiere
738 1384 835 1441 relicta

143 1474 232 1530 Moliri
246 1482 275 1531 et
288 1477 373 1545 longo
385 1477 450 1530 fessi
463 1475 602 1530 discedere
615 1473 701 1540 bello;

142 1563 336 1634 Fecissentque
348 1564 468 1618 utinam!
490 1579 571 1632 saepe
583 1562 645 1617 illos
658 1577 755 1631 aspera
767 1559 846 1630 ponti

142 1651 302 1706 Interclusit
314 1652 410 1720 hiems,
426 1658 454 1706 et
465 1653 565 1705 terruit
579 1651 682 1704 Auster
696 1649 794 1703 cuntis.

141 1738 302 1809 Praecipue,
317 1756 379 1793 cum
392 1741 446 1792 iam
459 1738 505 1793 hic
517 1737 642 1792 trabibus
654 1742 802 1790 contextus
815 1735 922 1789 acernis

141 1825 232 1880 Staret
244 1843 340 1896 equus,
354 1831 415 1880 toto
428 1831 579 1879 sonuerunt
592 1826 703 1879 aethere
715 1823 810 1876 nimbi.

141 1913 269 1983 Suspensi
283 1913 456 1982 Eurypylum
470 1914 617 1968 scitantem
632 1912 743 1967 oracula
758 1910 863 1964 Phoebi

141 1999 285 2067 Mittimus,
299 2002 377 2070 isque
391 2001 482 2068 adytis
494 2001 563 2056 haec
575 2001 665 2054 tristia
676 1999 750 2054 dicta
764 2002 903 2067 reportat:

142 2088 305 2158 “Sanguine
318 2088 447 2158 placastis
460 2094 558 2142 ventos
570 2093 599 2142 et
612 2088 716 2157 virgine
729 2107 815 2158 caesa,

141 2175 210 2228 Cum
222 2177 343 2245 primurn
357 2176 462 2243 iliacas,
475 2175 572 2244 Danai,
589 2177 699 2230 venistis
713 2177 747 2231 ad
760 2195 837 2244 oras;

140 2263 279 2334 Sanguine
293 2263 441 2332 quaerendi
452 2263 565 2331 reditus,
580 2264 725 2334 animaque
740 2265 877 2320 litandum

141 2351 299 2419 Argolica.”
337 2350 423 2419 Volgi
436 2367 506 2419 quae
518 2367 572 2403 vox
587 2357 617 2404 ut
630 2353 706 2406 venit
720 2352 754 2406 ad
767 2353 846 2421 auris,

141 2438 306 2506 Obstipuere
319 2438 410 2506 animi,
425 2437 584 2506 gelidusque
596 2453 647 2507 per
658 2439 713 2493 ima
726 2441 847 2494 cucurrit

141 2527 208 2580 Ossa
220 2532 336 2593 tremor,
350 2526 393 2580 cui
406 2525 463 2579 fata
476 2531 582 2594 parent,
596 2543 677 2596 quem
688 2533 784 2596 poscat
797 2528 910 2598 Apollo.

142 2613 190 2668 Hic
202 2614 318 2667 ithacus
330 2619 422 2666 vatem
431 2629 532 2682 magno
546 2613 699 2669 Calchanta
711 2616 831 2669 tumultu

141 2701 284 2755 Protrahit
296 2701 325 2754 in
338 2700 459 2766 medioe3
481 2717 550 2770 quae
563 2701 618 2755 sint
631 2703 791 2756 conamina
803 2703 904 2771 divom,

140 2787 268 2857 Flagitat,
305 2787 343 2841 Et
356 2787 424 2841 mihi
436 2787 489 2842 iam
503 2788 584 2842 multi
597 2789 707 2844 crudele
720 2791 857 2844 canebant

141 2876 264 2930 Artificis
276 2875 371 2944 scelus,
386 2881 414 2929 et
425 2875 502 2930 taciti
515 2881 633 2931 ventura
645 2876 784 2931 videbant.

142 2961 186 3016 Bis
199 2965 298 3032 quinos
310 2963 372 3016 silet
385 2961 431 3016 ille
443 2961 508 3032 dics,
524 2969 668 3032 tectusque
681 2971 789 3019 recusat

141 3048 261 3104 Prodere
275 3067 343 3105 voce
355 3067 405 3104 sua
415 3066 579 3119 quemquam
594 3056 641 3105 aut
655 3067 795 3120 opponere
808 3051 899 3106 morti.

142 3135 195 3190 Vix
208 3125 330 3205 tandem,
346 3137 451 3206 magnis
464 3136 554 3192 Ithaci
567 3137 732 3192 clamoribus
745 3144 827 3206 actus,

142 3222 299 3294 Composito
311 3225 416 3293 rumpit
426 3240 529 3293 vocem,
544 3229 572 3278 et
585 3241 628 3278 me
642 3225 761 3279 destinat
775 3243 845 3280 arae.

142 3310 296 3365 Adsensere
309 3327 412 3378 omues,
427 3317 462 3378 et,
477 3327 546 3381 quae
560 3311 611 3365 sibi
625 3312 738 3381 quisque
752 3313 874 3381 timebat,

142 3395 227 3451 Unius
239 3399 268 3452 in
282 3399 373 3452 miseri
388 3397 501 3451 exitium
516 3415 649 3453 conversa
660 3399 757 3452 tulere.

142 3483 252 3554 lamque
266 3486 323 3540 dies
334 3485 451 3539 infanda
464 3485 571 3539 ederat:
592 3486 660 3538 mihi
673 3504 750 3540 sacra
764 3487 861 3555 parari

142 3568 177 3623 Et
189 3572 277 3626 salsae
289 3573 387 3640 fruges,
403 3577 432 3625 et
444 3572 547 3625 circum
560 3577 686 3641 tempora
699 3574 792 3626 vittae.
