2656 3940
512 216 650 266 VERGILI
675 217 841 268 acuamus
862 219 933 268 VIII.

211 381 290 436 Dixit
301 385 329 434 et
342 381 484 449 amplexus
497 382 556 434 1611
569 380 708 448 Cytherea
719 382 831 450 petivit3

211 470 299 522 Arma
312 469 361 523 sub
375 468 491 523 adversa
502 469 596 536 posuit
608 468 747 522 radiantia
758 486 869 538 quercu.

211 555 268 624 1116,
283 557 350 610 deae
362 557 444 609 donis
456 561 485 609 et
496 561 577 609 tanto
589 555 679 609 laetus
691 555 806 626 honore,

210 643 323 712 Expleri
335 643 432 712 nequit
444 648 526 711 atque
539 643 634 697 oculos
647 661 698 712 per
710 645 819 712 singula
832 643 928 712 volvit,

210 729 382 798 Miraturque
394 731 521 798 interque
533 747 631 784 manus
643 736 671 784 et
684 731 813 785 bracchia
825 737 918 784 versat

211 817 373 870 Terribilem
386 817 477 870 cristis
489 817 595 886 galeam
608 817 786 886 flammasque
798 824 965 886 vomentem,

208 904 418 972 fatiferumque
432 920 533 972 ensem,
547 905 661 958 loricam
674 921 708 958 ex
721 921 784 958 aere
798 906 941 973 rigentem,

212 991 404 1059 Sanguineam,
420 992 570 1060 ingentem,
585 992 672 1060 qualis
685 1009 748 1045 cum
761 993 873 1048 caerula
884 994 973 1047 nubes

212 1078 284 1132 Solis
295 1078 445 1132 inardescit
457 1078 541 1132 radiis
553 1079 690 1148 longeque
705 1080 825 1149 refulget
835 1100 842 1150 ;

212 1166 281 1219 Tum
293 1165 362 1219 levis
374 1182 468 1220 ocreas
481 1166 584 1219 6166116
599 1184 721 1237 auroque
734 1175 854 1237 1666616,

202 1254 390 1322 Ἠ6616116116
405 1257 433 1306 61
446 1253 527 1321 clipei
540 1270 597 1307 non
610 1257 764 1310 enarrabile
776 1262 893 1311 textum.

212 1341 273 1394 Illic
285 1357 329 1394 166
341 1339 425 1394 Italas
438 1339 683 1412 Romanorumque
696 1344 860 1413 triumphos,

214 1427 296 1482 Haud
307 1435 402 1480 vatum
414 1427 528 1495 ignarus
540 1432 705 1501 venturique
717 1433 820 1486 inscius
832 1432 901 1499 aevi,

213 1515 327 1568 Fecerat
339 1513 516 1584 Ignipotens;
542 1517 599 1572 illic
612 1535 698 1587 genus
710 1536 792 1573 omne
805 1521 914 1574 futurae

213 1603 314 1674 Stirpis
326 1607 360 1659 ab
374 1607 504 1674 Ascanio,
519 1615 695 1676 pugnataque
708 1609 737 1660 in
750 1608 847 1661 ordine
859 1607 939 1662 bella

213 1692 329 1746 Fecerat
341 1700 370 1747 61
383 1695 463 1747 viridi
477 1696 565 1748 fetam
577 1694 713 1748 Mavortis
724 1696 753 1748 in
766 1700 847 1748 antro

213 1779 395 1834 Procubuisse
408 1782 516 1850 lupam:
541 1783 667 1850 geminos
678 1783 743 1836 huic
757 1783 842 1836 ubera
854 1782 957 1835 circum

214 1866 322 1921 Ludere
334 1869 481 1938 pendentis
495 1886 602 1939 pueros,
618 1875 646 1922 61
658 1869 779 1922 lambere
791 1874 909 1923 matrem

214 1956 387 2026 Impavidos3
409 1959 484 2012 illum
497 1957 579 2011 tereti
595 1957 702 2010 cervice
716 1956 846 2010 reflexam

215 2045 336 2100 Mulcere
349 2047 478 2114 alternos,
493 2052 522 2099 et
534 2061 653 2113 corpora
664 2044 768 2111 fingere
781 2044 882 2112 lingua
1032 2109 1039 2122 ·

215 2131 274 2187 Nec
287 2135 381 2202 procul
395 2135 460 2187 hinc
473 2132 591 2186 Romam
604 2137 632 2184 et
645 2136 738 2200 raptus
751 2131 810 2184 sine
823 2147 899 2184 more
913 2130 1030 2185 Sabinas

217 2219 352 2276 (16166661
365 2238 472 2290 caveae,
487 2220 595 2288 magnis
608 2218 784 2272 Circensibus
797 2218 874 2285 actis,

215 2307 379 2377 Addiderat,
394 2310 540 2378 subitoque
554 2324 657 2361 novum
672 2323 838 2374 consurgere
850 2305 952 2359 bellum

216 2395 371 2451 Romulidis
383 2397 517 2466 Tatioque
531 2395 590 2449 seni
605 2393 776 2462 Curibusque
788 2394 899 2448 severis.

216 2487 284 2541 Post
296 2488 370 2543 idem
383 2487 456 2542 inter
468 2504 496 2541 66
510 2487 600 2556 posito
614 2482 765 2540 certamine
777 2497 855 2548 reges

217 2576 327 2628 Armati
340 2575 413 2628 lovis
426 2581 491 2629 ante
505 2591 581 2627 aram
595 2577 761 2640 paterasque
775 2573 901 2621 16161166

217 2662 335 2715 Stabant
347 2668 375 2714 61
388 2678 467 2715 66666
479 2661 632 2729 iungebant
646 2657 761 2712 foedera
772 2672 864 2724 porca.

217 2747 299 2801 Haud
312 2748 409 2816 procul
420 2748 485 2801 inde
498 2749 568 2801 citae
581 2745 699 2798 Mettum
712 2745 742 2798 in
754 2744 865 2796 diversa
876 2743 1026 2812 quadrigae

217 2836 454 2890 Distulerant-at
467 2841 496 2888 tu
509 2835 599 2901 dictis,
616 2833 732 2899 Albane,
749 2831 929 2884 1116161661-

217 2921 411 2992 Raptabatque
422 2923 476 2975 viri
489 2921 628 2975 mendacis
641 2921 747 2974 viscera
759 2919 854 2971 Tullus

217 3010 271 3064 Per
284 3011 390 3078 silvam,
404 3015 431 3063 et
445 3010 529 3078 sparsi
543 3008 676 3062 rorabant
689 3007 822 3074 sanguine
836 3023 942 3074 vepres.

218 3096 278 3150 Nec
291 3114 346 3150 non
359 3097 538 3165 Tarquinium
552 3096 668 3148 eiectum
683 3094 825 3147 Porsenna
839 3093 952 3148 iubebat

219 3184 363 3252 Accipere,
377 3185 536 3252 ingentique
549 3183 647 3235 urbem
660 3181 804 3235 obsidione
817 3181 975 3248 premebat;

219 3271 366 3325 Aeneadae
378 3272 406 3323 in
420 3271 521 3324 ferrum
536 3287 586 3338 pro
599 3269 727 3322 libertate
739 3268 867 3321 ruebant.

219 3357 299 3409 lllum
312 3356 468 3422 indignanti
482 3354 607 3420 similem,
623 3355 793 3422 similemque
806 3354 925 3407 minanti

219 3443 373 3511 Aspiceres,
388 3453 501 3509 pontem
515 3443 629 3495 auderet
641 3442 706 3509 quia
719 3441 818 3494 vellere
832 3439 938 3509 Cocles,

218 3530 255 3584 Et
267 3528 381 3582 flurium
396 3528 491 3580 vinclis
504 3527 613 3580 innaret
627 3527 733 3582 Cloelia
746 3529 843 3595 ruptis.
