2668 3942
531 211 670 286 anacim
691 235 856 286 sannices
879 235 935 284 xrr.

225 403 239 456 Ι
241 403 350 472 uppiter
362 403 420 472 ipse
433 401 500 455 duas
513 405 630 469 aequato
644 399 770 454 examine
783 397 875 452 lances

225 491 356 557 Sustinet,
372 494 399 542 et
412 489 468 542 fata
481 488 600 556 imponit
612 487 722 540 diversa
734 485 860 554 duomm,

225 577 313 643 Quem
327 577 440 631 damnet
453 575 538 640 labor,
554 580 582 628 et
595 591 650 643 quc
663 579 760 642 vergat
773 573 896 641 pondere
908 573 1004 628 letum.

225 666 333 719 Emicat
346 665 398 730 hic,
413 664 526 731 impune
538 668 646 729 putans,
663 667 691 715 et
703 676 820 729 corpore
831 665 893 714 toto

226 752 291 805 Alte
304 751 442 804 sublatum
457 749 599 816 consurgit
611 749 718 802 Turnus
730 749 760 800 in
774 765 875 816 ensem,

225 838 261 892 Et
274 838 348 893 ferit.
385 837 550 891 Exclamant
563 835 648 890 Troes
659 835 815 904 trepidique
827 835 926 903 Latini,

226 927 415 994 Arrectaeque
427 924 573 978 amborum
586 923 665 977 acies.
704 923 744 976 At
756 922 876 991 perfidus
888 923 961 977 ensis

153 1049 156 1062 ,
225 1013 381 1082 Frangitur,
396 1014 423 1064 in
437 1011 584 1079 medioque
597 1010 741 1064 ardentem
752 1009 856 1064 deserit
867 1009 931 1078 ictu,

226 1099 264 1153 Ni
277 1101 342 1168 luga
354 1098 475 1152 subsidio
489 1098 593 1150 subeat.
631 1096 715 1166 Fugit
728 1097 803 1151 ceicr
815 1096 897 1163 Eure,

226 1187 265 1241 Ut
277 1186 402 1254 capulum
416 1187 542 1254 ignotum
557 1185 737 1253 dextramque
751 1185 858 1252 aspexit
869 1185 1012 1238 inermem.

226 1275 312 1328 Fama
324 1279 374 1342 est,
389 1272 576 1341 praeeipitem,
592 1288 654 1325 cum
667 1273 757 1340 prima
769 1272 798 1346 in
812 1272 915 1339 proelia
927 1271 1039 1326 iunctos

227 1360 438 1416 Conscendebat
450 1377 542 1429 equos,
557 1360 648 1427 patric
662 1376 795 1414 mucrone
806 1359 913 1427 relicto,

226 1449 300 1502 Dum
314 1448 442 1516 trepidat,
457 1447 560 1500 ferrum
575 1447 686 1515 aurigae
698 1447 822 1516 rapuisse
838 1446 962 1513 Metisci3

227 1537 313 1605 quue
327 1537 381 1604 diu,
397 1535 461 1588 dum
476 1540 554 1604 terga
567 1535 671 1588 dabant
684 1535 807 1603 palantia
823 1534 928 1600 Teucri,

228 1625 356 1691 Suffecit3
378 1631 527 1693 postquam·
537 1642 613 1679 arma
625 1625 670 1678 dei
683 1623 719 1677 ad
731 1623 869 1677 Volcania
882 1629 995 1676 ventum
1008 1626 1059 1690 est,

227 1710 353 1764 Mortalis
363 1721 468 1779 mucro,
485 1712 586 1780 glacies
598 1728 648 1765 ceu
660 1711 770 1779 futtilis,
786 1711 842 1764 ictu

228 1799 353 1852 Dissiluit
363 1818 369 1867 3
389 1799 468 1853 fulva
480 1800 638 1868 resplendet
649 1799 778 1868 fragmen
789 1799 900 1852 harena.

228 1888 302 1956 Ergo
315 1906 409 1943 amens
422 1890 531 1944 diversa
544 1891 609 1958 fuga
620 1890 690 1958 petit
703 1905 823 1959 aequora
834 1887 950 1955 Turnus,

228 1977 265 2029 Et
276 1994 351 2031 nune
363 1978 425 2046 lruc,
440 1978 506 2030 inde
518 1979 573 2031 hue
585 1979 707 2032 incertos
718 1977 843 2046 implicat
856 1977 944 2042 orbis,

229 2064 357 2133 Undique
370 2067 443 2118 enim
456 2065 554 2118 Teucri
566 2065 651 2119 densa
662 2065 797 2119 inclusere
810 2081 919 2133 corona,

230 2155 323 2222 Atque
335 2155 399 2209 hinc
414 2161 490 2209 vasta
503 2156 589 2224 palus,
606 2157 670 2209 hinc
684 2157 769 2210 ardua
782 2156 890 2209 moenia
902 2155 1023 2222 cingunt.

266 2242 324 2297 Nec
337 2244 427 2296 minus
442 2244 558 2311 Aeneas,
574 2261 737 2313 quamquam
751 2244 879 2298 tardante
892 2244 993 2310 sagitta

229 2332 371 2387 Interdum
385 2351 473 2402 genua
486 2333 640 2403 impediunt
653 2350 817 2402 cursumque
830 2336 964 2392 recusant,

229 2420 393 2491 Insequitur,
410 2422 565 2490 trepidique
577 2421 674 2490 pedem
688 2421 758 2489 pede
770 2420 891 2474 fervidus
904 2423 997 2486 urget:

229 2508 368 2563 Inclusum
383 2510 468 2563 veluti
482 2509 626 2579 siquando
640 2509 753 2562 flumine
765 2517 863 2563 nactus

230 2594 357 2661 Cervam,
373 2601 420 2649 aut
433 2595 567 2664 puniceae
582 2601 706 2663 saeptum
721 2594 869 2648 formidine
881 2607 997 2661 pennae,

230 2681 356 2736 Venator
369 2701 449 2737 cursu
465 2684 540 2736 canis
554 2690 581 2736 et
595 2683 740 2736 latratibus
753 2683 854 2748 instat,

229 2768 279 2823 Ille
292 2777 392 2831 autem,
407 2771 513 2823 insidiis
527 2776 554 2824 et
567 2771 628 2838 ripa
640 2771 754 2824 territus
767 2769 830 2834 alta,

229 2855 305 2911 Mille
318 2859 389 2926 fugit
402 2859 556 2926 refugitque
570 2858 642 2924 vias3
665 2864 692 2910 at
705 2857 815 2910 vividus
827 2855 932 2909 Umber

230 2944 334 2999 Haeret
346 2945 434 3014 hians,
448 2946 502 2999 iam
516 2946 624 3012 iamque
639 2950 723 3011 tenet,
740 2944 890 3012 similisque
902 2940 1010 2997 tenenti

230 3031 370 3101 increpuit
383 3034 468 3099 malis,
483 3049 631 3100 morsuque
646 3031 736 3084 elusus
749 3031 825 3086 inani
839 3036 888 3084 est.

230 3119 299 3172 Tum
311 3137 378 3174 vere
393 3120 515 3174 excritur
527 3119 640 3179 clamor,
656 3120 786 3188 ripaeque
799 3118 929 3187 lacusque

230 3205 405 3274 Responsant
418 3207 496 3272 circa,
512 3211 540 3259 et
552 3206 658 3260 caelum
672 3211 753 3260 tonat
767 3223 848 3260 omne
861 3203 990 3259 tumultu.

231 3291 280 3345 Ille
293 3293 374 3347 simul
388 3295 497 3360 fugiens
510 3293 627 3346 Rutulos
639 3293 718 3346 simul
732 3295 858 3362 increpat
870 3292 967 3358 omnis,

230 3377 348 3432 Nomine
362 3396 496 3448 quemque
510 3397 619 3448 vocans,
634 3386 786 3449 notumque
799 3380 931 3448 efflagitat
943 3393 1045 3432 ensem.

232 3464 341 3517 Aeneas
353 3471 471 3518 mortem
485 3474 582 3520 eontra
594 3483 779 3536 praesensque
791 3467 913 3536 minatur

230 3547 361 3615 Exitium,
376 3550 398 3601 si
412 3551 553 3618 qnisquam
566 3553 652 3616 adeat,
667 3559 808 3622 terretque
821 3553 973 3619 trementis,
