2706 3938
456 241 593 291 Vultum
616 240 780 289 susumus
803 239 849 290 Vl.

140 403 217 458 Tunc
230 408 343 472 egomet
354 404 490 457 tumulum
503 404 630 456 Rhoeteo
641 403 671 455 in
684 402 765 456 litore
778 402 889 456 inanem

141 489 290 558 Constitui,
305 502 333 543 et
345 507 447 558 magna
459 490 549 543 Manis
562 499 605 543 ter
618 506 685 543 voce
701 491 805 544 vocavi.

140 575 167 630 N
169 594 254 631 omen
266 583 294 630 ct
307 594 385 631 arma
395 578 487 631 locum
500 583 627 645 servant3
648 585 684 645 te,
700 577 794 642 amice,
809 577 921 646 nequivi

141 664 310 732 Oouspicere
324 672 353 718 et
365 665 453 733 patria
466 665 601 718 decedens
613 681 717 733 ponere
731 664 834 718 terra.”

141 752 188 804 Ad
202 769 272 820 quae
284 751 453 805 Priamides:
477 750 580 804 “Nihil
593 768 609 805 0
623 751 674 804 tibi
689 751 775 804 amice
788 751 931 821 relictum

141 839 245 892 Omnia
256 838 404 907 Deiphobo
417 838 523 892 solvisti
536 843 565 892 et
577 838 684 891 funeris
698 839 811 892 umbris.

141 926 198 980 Sed
210 943 256 980 me
268 926 327 980 sata
339 943 400 980 mea
413 933 440 979 et
453 926 540 980 scelus
553 926 664 979 exitiale
679 925 821 980 Lacaenae

142 1013 195 1066 His
207 1029 330 1066 mersere
343 1013 438 1080 malis3
458 1013 506 1066 illa
518 1013 586 1066 haec
600 1019 782 1069 monumenta
795 1015 913 1085 reliquit.

141 1100 271 1169 Namque
283 1105 315 1153 ut
324 1117 478 1170 supremam
492 1099 560 1153 falsa
572 1101 645 1154 inter
658 1101 759 1170 gaudia
770 1108 880 1156 noctem

141 1188 296 1256 Egerimus‚
313 1188 400 1255 nosti3
421 1194 449 1240 ct
462 1188 577 1240 nimium
594 1189 752 1243 meminisse
764 1206 876 1244 necesse
889 1197 939 1244 est.

142 1277 214 1328 Cum
226 1275 320 1328 fatalis
333 1292 417 1344 equus
430 1275 501 1329 saltu
516 1293 599 1344 super
611 1277 697 1330 ardua
709 1277 786 1330 venit

141 1363 280 1432 Pergama
292 1368 320 1416 et
333 1372 466 1417 armatum
481 1364 603 1433 peditem
617 1365 708 1432 guaris
721 1365 815 1419 attulit
827 1364 897 1432 alvo,

141 1450 202 1518 Illa,
217 1451 333 1503 chorum
345 1450 483 1518 simulans,
497 1451 623 1504 euhantis
636 1452 713 1520 orgia
725 1452 829 1505 circum

141 1537 271 1591 Ducebat
283 1536 433 1606 Phrygiam
455 1538 593 1592 flammam
606 1539 698 1592 media
710 1539 769 1606 ipsa
781 1540 894 1592 tenebat

141 1624 297 1692 lugentem,
309 1630 338 1678 et
351 1642 458 1679 summa
470 1626 582 1680 Danaos
596 1643 629 1680 ex
643 1643 705 1680 arce
721 1628 845 1680 vocabat.

141 1713 212 1764 Tum
224 1729 277 1776 me,
293 1713 451 1766 confectum
466 1714 539 1768 curis
552 1729 702 1782 somnoque
715 1718 868 1782 gravatum,

140 1799 246 1854 Infelix
259 1800 356 1854 habuit
368 1801 513 1868 thalamus,
528 1803 683 1870 pressitque
695 1802 837 1855 iacentem

141 1887 239 1941 Dulcis
252 1899 279 1940 et
293 1887 347 1942 alta
362 1889 438 1956 quies
450 1888 629 1957 placidaeque
643 1889 781 1942 simillima
794 1889 886 1942 morti.

140 1975 263 2044 Egregia
274 1975 380 2030 interea
392 1976 513 2029 coniunx
526 1993 604 2030 arma
615 1977 708 2029 omnia
720 1976 801 2030 tectis

141 2063 273 2132 Amovct,
288 2070 316 2117 et
328 2063 413 2117 fidum
427 2064 511 2132 capiti
525 2064 693 2117 subduxerat
707 2079 817 2131 ensem;

141 2153 223 2207 Intra
233 2158 308 2208 tecta
321 2161 402 2208 vocat
415 2153 580 2219 Menelaum,
594 2159 622 2206 et
634 2153 730 2207 limina
743 2154 847 2221 pandit,

142 2240 256 2294 Scilicet
265 2241 295 2294 id
307 2258 437 2310 magnum
452 2255 564 2310 sperans
576 2241 635 2294 fore
647 2257 748 2294 munus
760 2243 871 2308 amanti,

141 2327 179 2381 Et
192 2329 294 2383 famam
307 2330 445 2398 exstingui
461 2333 587 2382 veterum
601 2329 640 2382 sic
653 2337 732 2396 p'ossc
744 2328 888 2382 malorum.

142 2418 217 2482 Quid
230 2419 341 2472 moror?
361 2419 525 2485 inrumpunt
539 2416 677 2483 thalam03
698 2431 790 2468 comes
803 2415 913 2469 additur
927 2433 982 2471 uua

141 2505 279 2560 Hortator
290 2507 423 2561 scelerum
438 2506 576 2560 Aeolides.
618 2504 662 2571 Di,
676 2503 742 2556 talia
755 2503 836 2556 Grais

140 2593 307 2662 Instaurate‚
322 2595 368 2662 pio
385 2595 407 2648 si
420 2611 522 2663 poenas
537 2611 586 2647 ore
600 2607 721 2660 reposco.

141 2680 196 2735 Sed
210 2687 238 2734 te
251 2682 297 2750 qui
309 2682 405 2736 vivum
417 2699 503 2745 casua,
519 2699 577 2750 age,
592 2682 652 2734 fare
666 2679 794 2746 vicissim,

141 2768 305 2822 Attulerint
344 2769 475 2836 Pelagine
489 2769 565 2822 venis
580 2767 721 2822 erroribus
736 2770 820 2833 actus,

141 2856 189 2908 An
202 2857 312 2910 monitu
325 2855 435 2910 divom?
455 2872 596 2924 an-quae
610 2859 638 2908 te
651 2854 776 2906 Fortuna
787 2852 891 2922 fatigat,

141 2942 181 2996 Ut
193 2944 280 2999 tristis
293 2944 353 2998 sine
365 2944 422 2998 sole
436 2945 539 3011 domos,
554 2944 615 2998 loca
628 2943 747 3012 turbida,
764 2942 855 2996 adires
865 2942 875 2995 l
886 2940 903 2968 '²

141 3031 202 3085 Hac
215 3032 274 3086 vice
288 3048 447 3084 sermonum
461 3032 547 3085 roseis
561 3031 673 3084 Aurora
687 3030 828 3100 quadrigis

141 3117 199 3171 Iam
211 3117 334 3171 medium
347 3118 471 3172 aetherio
485 3135 565 3172 cursu
579 3119 725 3172 traiecerat
739 3135 833 3186 axem3

141 3204 177 3258 Et
188 3205 248 3258 fors
260 3222 344 3258 omne
356 3204 452 3258 datum
465 3205 608 3259 traherent
622 3222 672 3274 per
685 3205 752 3259 talia
763 3209 888 3274 tempus3

141 3291 196 3345 Sed
207 3309 302 3346 comes
314 3291 459 3345 admonuit
473 3291 647 3360 breviterque
660 3291 756 3346 adfata
769 3292 873 3358 Sibylla
886 3298 944 3347 est:

142 3377 231 3432 “Nox
244 3379 308 3443 ruit,
323 3379 420 3431 Aenea
431 3397 437 3445 3
458 3395 509 3431 nos
521 3377 613 3431 flendo
626 3377 751 3432 ducimus
764 3378 856 3433 horas.

141 3464 194 3517 Hie
205 3464 283 3518 loeus
296 3471 345 3532 est,
361 3465 450 3533 partis
464 3465 511 3518 ubi
524 3482 552 3518 se
567 3467 612 3518 ria
625 3465 705 3517 findit
718 3466 746 3517 in
761 3466 872 3520 ambas:

141 3549 262 3606 Dextera
274 3568 346 3620 quae
358 3551 434 3604 Ditis
447 3552 539 3618 magni
552 3553 603 3604 sub
617 3552 726 3604 muenia
739 3552 840 3610 tendit.
