2734 3936
533 219 672 268 vnuoml
695 219 824 268 ECLOGA
847 219 918 270 VIII.

252 379 352 434 Ducite
365 380 399 434 ab
412 382 481 433 urbe
494 380 614 448 domum,
629 397 690 434 mea
701 381 830 447 carmina,
845 380 938 434 ducite
950 381 1098 449 Daphnim.

217 466 305 521 Necte
318 467 407 522 tribus
419 469 500 522 nodis
512 474 613 535 ternos
627 467 771 535 Amarylli,
786 466 908 534 colores3

217 553 313 622 Necte,
329 553 471 622 Amarylli,
485 555 575 622 modo,
592 562 620 608 et
642 553 794 607 ‘Veneris’
808 553 852 607 dic
866 552 991 606 ‘vincula
1003 553 1102 607 nect0.’

252 641 353 694 Ducite
366 643 400 694 ab
414 643 481 694 urbe
493 642 615 709 domum,
629 658 690 695 mea
702 641 831 708 carmina,
846 640 939 694 ducite
951 639 1099 708 Daphnim.

218 727 311 780 Limus
325 733 354 780 ut
367 728 412 782 hic
425 729 545 782 durescit
558 728 665 782 ethaeo
678 732 709 781 ut
721 743 784 780 cera
795 726 923 795 liquescit

218 813 282 866 Uno
295 813 446 888 eodemque
458 815 524 882 igni,
539 815 578 868 sia
590 821 686 867 nostro
699 813 824 882 Daphnis
836 829 937 868 amore.

218 900 320 968 Sparge
333 899 443 966 molam,
458 906 486 954 et
497 901 603 968 fragilis
615 900 731 953 incende
744 899 879 953 bitumine
891 899 991 954 laurus.

217 984 343 1053 Daphnis
354 1001 399 1038 me
411 984 500 1039 malus
512 986 574 1050 urit,
588 1001 638 1053 ego
651 984 723 1037 hanc
736 984 766 1036 in
778 983 924 1052 Daphnide
939 985 1055 1038 laurum.

252 1072 353 1126 Ducite
366 1072 401 1126 ab
413 1073 481 1126 urbe
494 1073 614 1140 domum,
629 1087 691 1125 mea
703 1071 833 1138 carmina,
847 1071 940 1125 ducite
953 1071 1102 1140 Daphnim.

217 1158 291 1214 Talis
303 1177 381 1214 amor
393 1159 542 1228 Daphnim,
558 1159 644 1228 qualis
657 1175 719 1212 cum
732 1158 804 1212 fessa
816 1159 964 1212 iuvencum

218 1246 271 1300 Per
283 1264 397 1301 nemora
411 1252 493 1315 atque
506 1246 576 1301 altos
589 1245 745 1315 quaerendo
765 1246 865 1300 bucula
876 1245 952 1300 lucos

218 1334 337 1403 Propter
349 1350 436 1402 aquae
448 1334 537 1387 rivum
551 1334 633 1387 viridi
646 1334 805 1402 procumbit
817 1335 846 1386 in
859 1333 930 1402 ulva,

218 1420 338 1488 Perdita,
353 1436 404 1473 nec
417 1435 494 1472 serae
506 1420 631 1472 meminit
644 1420 777 1474 decedere
789 1420 873 1483 nocti,

217 1505 290 1559 Talis
303 1523 380 1560 amor
392 1510 495 1574 teneat,
509 1523 561 1559 nec
573 1507 609 1558 sit
620 1506 688 1558 mihi
702 1523 768 1560 cura
780 1506 894 1560 mederi.

253 1592 353 1646 Ducite
366 1593 401 1646 ab
414 1593 482 1646 urbe
495 1593 614 1661 domum,
629 1610 691 1646 mea
702 1595 833 1662 earmina,
848 1594 942 1648 ducite
953 1594 1101 1663 Daphnim.

218 1678 276 1732 Has
289 1679 354 1732 olim
368 1680 480 1733 exuvias
492 1679 559 1732 mihi
571 1679 691 1748 perfidus
703 1679 749 1732 ille
762 1679 879 1749 reliquit,

217 1767 338 1835 Pignora
351 1784 414 1821 cara
426 1768 482 1834 sui3
504 1783 572 1836 quae
584 1784 658 1822 nunc
671 1785 723 1836 ego
735 1767 829 1821 limine
840 1767 870 1820 in
882 1768 950 1836 ipso,

218 1853 308 1922 Terra,
323 1854 374 1908 tibi
387 1853 503 1922 mand03
524 1854 625 1908 debent
639 1854 705 1908 haec
716 1855 834 1924 pignora
845 1854 992 1924 Daphnim.

253 1942 353 1996 Ducite
366 1943 400 1996 ab
414 1943 482 1996 urbe
495 1942 616 2010 domum,
630 1959 691 1995 mea
703 1943 832 2010 carmina,
846 1943 938 1998 ducite
951 1942 1099 2012 Daphnim.

219 2027 275 2083 Has
287 2029 387 2085 herbas
399 2036 481 2100 atque
493 2030 560 2086 haec
572 2030 663 2084 Ponto
676 2030 744 2083 mihi
756 2030 828 2084 lecta
840 2047 946 2084 venena

216 2116 279 2186 Ipse
292 2118 368 2172 dedit
380 2118 496 2186 Moeris3
517 2123 667 2172 nascuntur
680 2117 798 2185 plurima
810 2117 909 2172 Ponto.

217 2203 269 2257 His
281 2222 332 2274 ego
345 2222 426 2273 saepe
438 2205 533 2274 lupum
545 2204 606 2258 fieri
617 2209 646 2258 et
659 2220 688 2256 se
701 2204 820 2258 condere
832 2205 908 2258 silvis

217 2291 342 2361 Moerim,
357 2308 438 2361 saepe
451 2293 555 2346 animas
567 2293 629 2345 imis
641 2292 733 2346 excire
750 2291 882 2360 sepulcris

216 2379 310 2449 Atque
323 2383 397 2433 satas
410 2379 463 2433 alio
475 2379 532 2432 vidi
545 2380 691 2434 traducere
704 2380 808 2434 messis.

251 2466 352 2521 Ducite
364 2466 399 2520 ab
411 2467 479 2520 urbe
492 2466 611 2532 domum,
627 2483 688 2521 mea
700 2468 829 2533 carmina,
843 2465 936 2520 ducite
948 2465 1097 2536 Daphnim.

215 2553 269 2608 Fer
281 2555 395 2622 cineres,
409 2552 553 2620 Amarylli,
567 2554 651 2621 foras,
666 2553 780 2622 rivoque
793 2552 889 2606 fluenti

216 2641 356 2710 Trausque
369 2646 451 2710 capnt
463 2641 529 2707 iace,
544 2657 596 2694 nec
608 2642 770 2708 respexeris.
800 2640 861 2722 ¹His
873 2657 924 2708 ego
936 2630 1078 2709 Daphnim

215 2729 386 2798 Aggrediar3
407 2728 477 2780 nihil
489 2727 534 2780 ille
547 2727 620 2795 deos,
634 2727 674 2780 nil
687 2728 809 2782 carmina
821 2733 906 2781 curat.

251 2816 351 2870 Ducite
365 2816 398 2869 ab
411 2817 479 2868 urbe
493 2815 613 2880 domum,
629 2831 690 2868 mea
702 2815 830 2882 carmina,
846 2815 938 2868 ducite
950 2813 1099 2883 Daphnim.

215 2902 325 2970 Aspice,
340 2903 475 2970 corripuit
487 2902 613 2955 tremulis
625 2902 722 2956 altaria
734 2900 851 2954 flammis

216 2990 320 3058 Sponte
332 3006 388 3055 sua,
403 2988 468 3041 dum
481 2989 553 3042 ferre
567 3005 667 3051 moror,
681 2987 749 3041 einis
761 2989 828 3056 ipse.
866 2987 975 3042 Bonum
989 2989 1040 3044 siti

215 3074 316 3129 Nescio
330 3076 394 3144 quid
408 3082 482 3129 certe
495 3081 543 3142 est,
558 3080 586 3128 et
600 3075 690 3142 Hylax
703 3075 732 3127 in
744 3075 839 3128 limine
855 3075 946 3130 latrat.

215 3161 377 3216 Oredimusi
397 3179 439 3230 an,
455 3162 502 3231 qui
514 3167 615 3229 amant,
630 3163 682 3231 ipsi
695 3162 747 3216 sibi
760 3163 866 3216 somnia
877 3162 1002 3230 fingunti

249 3247 367 3316 Parcite,
383 3250 417 3302 ab
429 3249 498 3304 urbe
510 3250 594 3316 venit,
610 3250 665 3302 iam
678 3249 790 3318 parcite,
806 3249 935 3318 carmina,
951 3248 1105 3318 Daphnis.'’

622 3497 819 3506 ——-—-——

1181 3254 1234 3306 110
