2734 3936
498 236 635 286 vultum
658 237 787 287 school
811 237 843 288 11.

157 395 216 450 Nec
228 413 342 465 gemero
354 397 430 451 aeria
442 397 560 451 cessabit
573 403 664 451 turtur
677 399 711 453 eb
724 399 808 454 ulmo.

157 483 214 536 Trr.
236 485 311 538 Ante
323 483 400 538 leves
413 499 479 552 ergo
491 491 638 552 pascentur
651 487 678 538 in
692 487 805 540 aethere
818 487 901 555 cervi,

157 571 194 623 Et
206 572 278 624 freta
290 571 444 625 destituent
455 571 545 625 nudos
556 572 587 626 in
598 572 680 626 litore
693 575 795 643 pisoes;

158 659 242 725 Ante,
256 659 407 727 pererratis
419 661 562 713 amborum
575 660 683 729 linibus,
698 663 774 715 exsul

159 747 217 798 Aut
231 745 342 798 Ararim
357 745 477 799 Parthus
489 749 572 816 bibet,
587 756 636 802 aut
648 749 799 803 Germania
811 749 923 816 Tigrim,

159 833 248 898 Quam
261 839 357 886 nostro
370 833 443 887 illius
455 834 565 888 labatur
577 845 688 904 pectore
702 838 801 890 voltus.

159 919 229 973 Mun
248 921 290 973 At
301 936 352 974 nos
364 920 430 974 hino
443 921 490 975 alii
503 923 622 977 sitientis
633 925 736 977 ibimus
750 925 843 992 Afros,

158 1006 226 1060 Pars
239 1007 382 1074 Scythiam
395 1014 423 1061 et
436 1007 562 1075 rapidum
575 1008 675 1064 Cretae
689 1011 831 1065 veniemus
844 1014 947 1080 Oaxen,

158 1093 194 1148 Et
207 1094 318 1162 penitus
329 1100 391 1148 toto
403 1094 505 1148 divisos
516 1096 584 1149 orbo
598 1095 755 1153 Britannos.

158 1181 203 1233 En
215 1198 344 1250 umquam
358 1183 463 1250 patrios
474 1182 558 1250 longo
570 1191 634 1251 post
646 1191 773 1254 tempore
786 1186 856 1251 finis,

158 1267 292 1336 Pauperis
304 1275 333 1321 et
344 1268 437 1336 tuguri
450 1274 610 1337 congestum
625 1273 745 1342 caespite
759 1273 876 1341 culmen,

159 1354 226 1407 Post
239 1355 350 1423 aliquot,
364 1371 426 1408 mea
438 1371 524 1423 regna
535 1357 640 1425 videus,
655 1360 779 1414 mirabor
791 1361 907 1414 aristaei

158 1441 263 1510 Impius
276 1441 346 1496 haec
359 1448 415 1496 tem
427 1443 502 1498 culta
514 1446 626 1501 novalia
638 1448 717 1501 miles
730 1448 860 1501 habebitl

158 1529 297 1583 Barbarus
310 1530 359 1582 has
371 1532 494 1598 segetes?
514 1550 557 1600 cn,
573 1551 626 1603 quo
639 1535 776 1588 discordia
790 1535 858 1588 civis

158 1616 295 1670 Produxit
307 1617 435 1671 miseros!
457 1635 500 1688 en,
516 1622 577 1689 quis
590 1623 763 1675 consevimus
776 1624 869 1689 ugrosl

157 1703 253 1757 Insere
266 1721 346 1771 nunc,
361 1704 505 1776 Meliboee,
521 1708 605 1776 piros,
620 1725 692 1777 pons
706 1710 801 1762 ordine
814 1710 887 1763 vitis.

158 1790 200 1845 Itc
213 1807 299 1859 meae,
314 1792 381 1845 felix
396 1795 533 1863 quondam
546 1813 637 1864 pecus,
652 1795 691 1849 ite
705 1796 833 1864 capellae.

158 1879 223 1934 Non
235 1898 287 1949 ego
300 1899 350 1936 vos
363 1883 486 1953 posthac,
502 1883 582 1936 viridi
595 1883 735 1951 proiectus
747 1884 776 1935 in
790 1891 878 1950 antro,

157 1969 280 2025 Dumosa
291 1971 412 2041 pendere
425 1972 519 2040 procul
533 1970 568 2024 de
580 1988 648 2040 rupe
661 1971 774 2038 videbo;

158 2057 288 2112 Carmina
300 2059 377 2112 nulla
388 2075 501 2125 canam;
521 2075 586 2126 non,
601 2075 646 2112 me
658 2064 797 2128 pascente,
812 2057 940 2126 capellae,

158 2144 316 2198 Florentem
330 2146 449 2214 cytisum
464 2151 492 2199 et
504 2145 600 2199 salices
614 2146 732 2213 carpetis
745 2161 859 2197 amaras.

157 2231 215 2285 Trr.
237 2233 290 2286 Hic
302 2238 398 2287 tamen
410 2233 482 2288 hauc
495 2249 603 2286 mecum
616 2236 729 2299 poteras
741 2232 912 2300 requiescere
924 2237 1036 2285 noctem

157 2318 265 2373 Fronde
278 2337 362 2389 super
375 2320 471 2374 viridi:
492 2325 558 2373 sunt
570 2319 649 2373 nobis
661 2319 740 2372 mitia
753 2335 844 2387 poma,

158 2405 308 2460 castaneae
322 2407 427 2474 molles,
443 2413 471 2460 et
483 2408 570 2477 pressi
585 2406 666 2475 copia
678 2406 771 2472 lactis3

156 2492 259 2546 Etiam
272 2510 380 2547 summa
393 2493 489 2562 procul
503 2494 629 2548 villarum
643 2493 764 2546 culmina
775 2493 893 2561 fumant,

159 2579 326 2650 Maioresque
340 2580 445 2634 cadunt
457 2580 520 2636 altis
532 2582 567 2636 de
579 2581 722 2634 montibus
735 2580 856 2634 umbrae.

618 2753 716 2762 -ιι

562 2869 713 2925 EOLOGA
739 2869 775 2924 Il.

528 3019 530 3024 ·
601 2980 731 3036 ALEXIS.

156 3098 317 3153 Formosum
331 3105 428 3168 pastor
441 3097 570 3165 Corydon
584 3099 698 3153 ardebat
710 3099 829 3164 Alexim,

155 3185 275 3240 Delicias
286 3186 403 3253 domini,
418 3202 476 3252 uec,
491 3187 555 3254 quid
569 3192 699 3254 speraret,
714 3187 842 3241 habebat.

156 3273 273 3328 Tantum
286 3275 363 3328 inter
375 3273 475 3326 densas
497 3274 627 3328 umbrosa
639 3274 781 3327 cacumina
804 3274 884 3342 fagos

157 3361 279 3415 Adsidue
294 3360 431 3414 veniebat.
468 3359 510 3412 lbi
524 3360 593 3414 haec
605 3360 749 3414 incondita
760 3358 835 3412 solus

156 3445 296 3501 Montibus
309 3452 338 3501 et
352 3446 429 3500 silvis
441 3446 532 3499 studio
544 3447 665 3500 iactabat
677 3446 768 3500 inani:

156 3534 179 3586 Ο
192 3534 312 3588 crudelis
326 3532 418 3599 Alexi,
432 3531 499 3586 nihil
511 3550 573 3588 mea
585 3533 705 3588 carmina
717 3533 816 3586 curasi
