2730 3936
461 217 599 268 vnne1n1
623 217 795 297 susumus,
809 217 855 270 111.

145 382 290 451 Argolicas
301 381 464 450 mediosque
476 380 568 449 fugam
581 381 703 434 tenuisse
714 396 766 450 per
776 379 873 436 hostis.

143 467 256 524 interea
268 485 402 538 magnum
415 468 455 522 sol
468 467 695 524 circumvolvitur
707 483 818 537 annum,

143 556 180 611 Et
192 556 317 625 glacialis
329 557 421 609 hiems
433 554 604 624 aquilonibus
616 559 726 624 asperat
738 554 833 609 undas.

144 643 220 697 Aere
233 660 303 698 cavo
316 643 444 710 clipeum,
459 643 553 710 magni
565 645 708 709 gestamen
721 642 849 712 Abantis,

145 730 277 784 Postibus
290 730 413 784 adversis
425 729 488 798 figo,
504 734 532 783 et
545 745 602 782 rem
617 729 738 783 carmine
751 729 847 797 signo:

147 820 164 848 ‘⁶
172 819 295 871 Aeneas
308 833 384 870 neno
397 833 433 868 nn
446 832 553 869 narsis
566 832 735 870 vroroemus
749 817 860 870 ΛΜΗ

145 905 285 974 Linquere
298 909 358 958 tum
370 909 468 972 portus
479 903 560 956 iubeo
574 907 602 956 et
615 902 758 958 considere
771 903 907 958 transtris.

146 992 283 1053 Certatim
297 992 364 1046 socii
377 991 480 1044 feriunt
492 1007 568 1045 mare
581 1002 610 1044 et
622 1007 741 1060 aequora
755 995 877 1045 verrunt.

145 1080 281 1134 Protinus
293 1078 381 1132 aerias
393 1077 550 1132 Phaeacum
563 1077 758 1132 abscondimus
770 1093 854 1145 arces,

144 1166 299 1236 Litoraque
310 1165 386 1235 Epiri
398 1165 514 1234 legimus
527 1171 663 1234 portuque
676 1165 799 1218 subimus

146 1253 276 1308 Chaonio
289 1257 317 1307 et
330 1253 430 1306 celsam
443 1251 573 1306 Buthroti
586 1252 742 1306 accedimus
754 1253 861 1307 urbem.

183 1341 239 1394 Hic
252 1339 420 1394 incredibilis
432 1356 524 1393 rerum
536 1340 611 1394 fama
624 1346 741 1409 occupat
752 1340 835 1406 auris,

141 1427 308 1482 ¹Priamiden
322 1426 456 1480 Helenum
471 1426 568 1480 Graias
580 1443 696 1495 regnare
708 1444 759 1496 per
771 1428 860 1497 urbes,

147 1516 286 1581 Coniugio
300 1514 437 1569 Aeacidae
450 1513 550 1582 Pyrrhi
563 1515 732 1584 sceptrisque
743 1514 872 1584 potitum,

145 1603 184 1657 Et
197 1603 288 1672 patrio
302 1602 516 1656 Andromachen
528 1603 630 1656 iterum
642 1603 755 1656 cessisse
767 1603 875 1656 marito.

147 1690 287 1759 Obstipui,
303 1690 428 1758 miroque
439 1690 584 1744 incensum
596 1697 693 1758 pectus
705 1707 806 1760 amore,

147 1781 324 1850 Compellare
336 1782 425 1834 virum
438 1786 466 1835 et
479 1798 557 1836 casus
569 1797 736 1849 cognoscere
748 1785 850 1834 tantos.

145 1869 318 1937 Progredior
330 1874 422 1938 portu,
436 1868 529 1922 classis
541 1873 569 1936 et
580 1869 664 1922 litora
675 1869 817 1936 linquens:

146 1957 296 2012 Sollemuis
308 1974 372 2010 eum
383 1957 456 2010 forte
469 1956 553 2023 dapes
566 1961 595 2008 et
605 1955 698 2009 tristia
709 1955 783 2008 dona

147 2046 226 2097 Ante
239 2044 336 2097 urbem
348 2044 378 2097 in
389 2043 453 2096 luco
464 2043 526 2096 falsi
539 2042 688 2096 Simoentis
700 2042 735 2096 ad
747 2042 850 2097 undam

146 2130 269 2184 Libebat
281 2131 368 2184 cineri
381 2130 576 2184 Andromache
589 2130 732 2198 Manisque
745 2131 861 2185 vocabat

146 2219 319 2274 Hectoreum
334 2221 368 2274 ad
381 2220 526 2288 tumulum,
540 2219 623 2273 viridi
636 2236 719 2288 quem
731 2220 850 2288 caespite
863 2220 974 2272 inanem

146 2309 185 2364 Et
197 2311 330 2380 geminas,
344 2327 455 2364 causam
467 2309 595 2376 lacrimis,
610 2313 767 2363 sacraverat
779 2324 847 2362 aras.

127 2398 187 2452 *Ut
199 2415 246 2451 me
258 2399 403 2466 conspexit
415 2399 574 2453 venientem
584 2403 613 2452 et
625 2398 708 2452 Troia
719 2398 822 2451 circum

147 2485 239 2540 Arma
250 2503 346 2540 amens
357 2486 435 2553 vidit,
449 2487 557 2556 maguis
569 2487 703 2540 exterrita
713 2485 845 2539 monstris

147 2573 278 2640 Deriguit
290 2573 350 2626 visu
362 2575 391 2626 in
403 2573 503 2642 medio,
518 2573 592 2628 calor
605 2589 666 2627 ossa
678 2573 805 2642 reliquit3

147 2660 271 2730 Labitur,
284 2668 312 2715 et
323 2661 406 2729 longo
419 2662 466 2714 vix
478 2661 591 2716 tandem
604 2667 729 2729 tempore
741 2661 831 2714 fatur:

149 2749 290 2802 “Verane
303 2753 331 2803 te
344 2749 437 2816 facies,
452 2765 534 2802 verns
544 2748 614 2800 mihi
626 2749 741 2801 nuntius
754 2748 855 2815 adfers,

147 2836 223 2891 Nate
236 2837 306 2890 deal
326 2836 451 2890 vivisnel
471 2841 525 2903 aut,
541 2835 563 2889 si
575 2835 623 2888 lux
635 2835 708 2889 alma
719 2837 839 2910 recessit,

147 2923 256 2978 Hector
268 2925 316 2978 ubi
331 2925 389 2978 esti
400 2925 416 2952 ’'
453 2924 540 2992 Dixit,
555 2923 735 2992 lacrimasque
749 2924 846 2977 effudit
858 2930 887 2978 et
897 2941 1009 2978 omnem

128 3011 281 3081 rImplevit
294 3012 413 3067 clamore
425 3013 525 3068 locum.
562 3013 620 3066 Vix
632 3030 720 3082 pauca
731 3013 834 3066 furenti

148 3099 262 3154 Subicio
275 3105 305 3154 et
316 3101 385 3154 reris
396 3102 524 3154 turbatus
535 3101 651 3155 vocibus
662 3101 754 3155 hisco:

150 3189 167 3217 “
175 3188 252 3243 Vivo
265 3188 400 3256 equidem,
415 3189 556 3257 vitamque
569 3193 693 3242 extrema
704 3204 754 3257 per
766 3187 860 3242 omnia
871 3188 961 3257 duco;

147 3274 191 3329 Ne
205 3275 311 3342 dubita,
326 3292 390 3329 nam
406 3293 470 3330 vera
483 3276 567 3329 vides.

147 3361 226 3416 Heu!
249 3363 311 3431 quis
323 3371 352 3416 te
365 3379 443 3416 casus
456 3363 591 3417 deiectam
605 3362 721 3430 coniuge
733 3366 812 3416 tauto

146 3449 278 3518 Exeipitl
299 3455 347 3502 ant
359 3467 428 3518 quae
440 3450 523 3516 digna
535 3450 601 3502 satis
613 3450 726 3504 fortuna
738 3449 849 3502 revisitl

146 3537 278 3591 Hectoris
292 3537 494 3607 Andromache,
509 3536 639 3604 Pyrrhin'
653 3536 772 3590 conubia
783 3537 893 3592 servasi
902 3536 919 3564 ‘²

223 3634 351 3684 111i
