2734 3936
440 234 578 283 VERGILI
602 235 731 283 ECLOGA
750 235 822 284 VIII.

157 395 228 450 Tur.
246 395 336 449 Immo
350 412 401 463 ego
415 396 556 449 Sardoniis
567 395 663 450 videor
675 396 728 449 tibi
740 397 859 450 ommim·
871 397 972 464 herbis,

126 481 267 536 Horridior
278 499 369 550 rusco,
383 483 507 551 proiecta
519 483 601 536 vilior
614 483 683 550 elge,

123 569 151 623 Si
164 570 231 622 mihi
243 586 299 623 non
310 569 381 623 hoec
392 569 440 622 lux
453 576 514 623 toto
526 569 582 623 inm
594 569 703 638 longior
715 586 789 623 anno
801 575 853 625 est.

123 656 163 709 lte
175 656 286 710 domum
299 657 380 724 pesti,
395 657 418 709 si
432 657 493 724 quis
504 657 603 725 pudor,
617 658 656 710 ite
668 657 786 710 iuvenci.

156 743 224 797 Gon
244 743 364 796 Muscosi
376 743 468 796 fontes
481 751 510 798 et
522 759 619 797 somno
632 743 741 796 mollior
753 744 849 812 herbo,

122 829 156 882 Et
168 847 238 898 quoe
250 847 300 883 vos
312 847 376 884 roro
387 830 484 883 viridis
495 831 567 899 tegit
578 830 694 884 arbutus
707 831 814 899 umbro,

121 915 273 970 solstitium
285 917 380 984 pecori
393 916 547 984 defendite3
568 917 624 971 iarn
636 917 714 970 venit
726 923 816 972 nestas

121 1002 241 1072 Torride,
255 1003 311 1057 ism
323 1003 397 1057 laeto
409 1008 523 1072 turgent
534 1004 564 1057 in
575 1003 690 1071 palmite
701 1021 834 1074 gemmae.

153 1091 224 1144 Tur.
246 1091 299 1144 Hic
311 1091 390 1144 focus
401 1098 430 1145 et
441 1091 539 1145 toedoe
550 1092 674 1161 pingues,
688 1091 734 1145 hic
745 1092 880 1160 plurimus
892 1093 964 1160 ignis

120 1177 240 1247 Semper,
256 1183 286 1232 et
298 1177 413 1231 adsiduo
424 1183 518 1246 postes
531 1179 645 1247 iuligine
657 1178 745 1246 nigri3

121 1263 171 1319 Hic
181 1270 294 1319 tontum
307 1265 414 1319 Boreae
426 1282 554 1319 curamus
566 1265 680 1334 frigore,
697 1271 830 1333 quantum

120 1352 176 1405 Aut
187 1368 335 1405 numerum
347 1350 436 1420 lupus,
451 1358 500 1406 eut
512 1353 648 1406 torrentis
659 1351 773 1406 flumine
786 1351 867 1421 ripas.

153 1439 218 1492 Gon.
239 1439 325 1492 Stant
337 1443 365 1491 et
375 1439 494 1508 iuniperi
508 1444 537 1492 et
549 1445 694 1493 castaneae
707 1439 847 1504 hirsutae:

119 1525 210 1580 Strata
220 1526 316 1580 iacent
328 1525 430 1593 possim
443 1543 492 1579 sun
516 1543 623 1596 quoqne
642 1527 692 1579 sub
705 1526 804 1580 arbore
816 1543 914 1596 pomo3

119 1613 216 1666 Omnis
229 1629 306 1666 nuno
318 1611 427 1667 rident:
448 1617 478 1666 nt
490 1613 513 1666 si
525 1614 665 1666 formosus
676 1611 773 1666 Alexis

119 1699 258 1755 Montibus
272 1699 317 1753 his
329 1700 418 1768 obest,
432 1699 526 1754 videss
538 1705 568 1754 et
580 1699 694 1753 flumine
705 1701 784 1754 sicce

150 1787 219 1842 Tnn.
239 1788 316 1842 Aret
328 1803 410 1855 ager3
430 1787 499 1840 vitio
510 1787 633 1840 moriens
645 1787 704 1840 sitit
715 1788 787 1841 aeris
799 1787 899 1855 herbe3

117 1873 194 1929 Liber
206 1875 373 1945 pampineus
385 1873 487 1928 invidit
498 1874 615 1929 collibus
626 1876 750 1929 umbros:

118 1961 250 2030 Phyllidis
262 1963 388 2018 adventu
400 1968 512 2017 nostroe
524 1979 622 2016 nemus
635 1978 717 2016 omne
729 1962 838 2027 virebit„

117 2047 238 2119 luppiter
251 2057 281 2105 et
292 2051 369 2104 laeto
381 2049 529 2104 descendet
541 2050 677 2118 plurimus
689 2049 781 2104 imbri.

149 2135 216 2190 Oon.
237 2135 365 2206 Populus
375 2135 492 2190 Alcidae
505 2138 667 2205 gratissima,
681 2137 748 2190 vitis
760 2136 869 2204 Ieccho,

117 2221 262 2278 Formosae
275 2228 388 2291 myrtus
400 2222 513 2292 Veneri,
528 2241 577 2277 suo
589 2224 684 2277 leuree
695 2223 823 2278 Phoebo:

116 2307 217 2377 Phyllis
229 2315 309 2366 ornat
323 2309 446 2377 corylos;
466 2311 528 2364 illos
540 2310 607 2363 dum
620 2310 726 2378 Phyllis
738 2311 848 2378 amobit,

115 2395 171 2452 Nec
183 2404 295 2466 myrtus
309 2397 403 2450 vincet
415 2397 531 2466 corylos,
545 2414 597 2452 nec
609 2398 703 2452 laurea
714 2397 830 2452 Phoebi.

146 2483 216 2539 Tur.
236 2484 379 2538 Fraxinus
390 2483 418 2536 in
432 2484 509 2538 silvis
521 2483 716 2553 pulcherrime,
731 2485 812 2552 pinus
823 2485 852 2536 in
866 2484 962 2547 hortis,

114 2569 231 2640 Populus
243 2573 274 2625 in
288 2570 390 2633 fluviis,
406 2571 480 2625 abies
492 2571 521 2624 in
536 2571 678 2626 montibus
690 2571 767 2625 altis:

113 2656 224 2728 Saepius
237 2667 267 2713 et
280 2658 305 2712 si
318 2674 371 2725 me,
386 2656 490 2724 Lycide
501 2659 630 2724 formose,
645 2659 755 2726 revises,

114 2744 246 2800 Fraxinus
259 2748 292 2800 in
306 2745 386 2799 silvis
398 2745 478 2800 cedet
490 2747 549 2813 tibi,
564 2748 646 2814 pinus
658 2747 687 2799 in
700 2746 797 2800 hortis.

145 2833 214 2889 Mun.
234 2833 317 2888 Haec
329 2831 451 2894 memini,
466 2838 494 2886 et
507 2835 610 2886 victum
624 2833 729 2887 frustra
741 2831 908 2887 contendere
921 2831 1057 2900 Thyrsim.

114 2917 152 2972 Ex
162 2920 210 2974 illo
223 2918 364 2987 Corydon
377 2917 507 2985 Corydon
520 2925 563 2972 est
574 2925 699 2988 ternpore
710 2920 797 2974 nobis.
1102 2917 1137 2975 'lb

592 3067 682 3074 ———-

500 3145 652 3201 ECLOGA
670 3147 751 3202 VIII.

477 3255 777 3305 PHARMAOEUTRIA.

444 3365 554 3404 onnon.
585 3365 805 3404 nuennsmonns.

26 3507 27 3510 ,
114 3451 253 3511 Postomm
267 3453 379 3510 Musam
394 3451 528 3507 Damonis
541 3459 569 3508 et
583 3453 770 3522 Alphesiboei,

113 3539 257 3662 immergor
269 3543 426 3597 herbarum
440 3557 508 3608 quos
520 3547 563 3595 est
573 3542 675 3594 mirato
686 3542 802 3593 iuvenca
