2656 3940
554 220 691 269 vesulii
714 219 879 269 sunalbus
903 219 933 268 A

232 385 321 439 Multa
333 401 415 453 super
427 384 516 438 Lauso
529 383 639 451 rogitat,
654 382 809 450 multosque
822 380 945 444 remittit

134 469 135 472 ’
234 472 287 538 Qui
301 478 440 540 revocent,
456 471 606 539 maestique
618 470 709 523 ferant
721 468 852 522 mandata
864 469 995 536 parentis.

233 558 274 613 At
286 558 405 613 Lausum
419 559 486 611 socii
500 557 654 612 exanimem
668 571 839 624 superarum
852 555 978 608 serebant

233 646 352 713 Flentes,
366 647 508 714 ingentem
521 649 604 712 atque
617 643 723 712 ingenti
736 642 850 696 volnere
863 642 976 696 rictum.

234 733 357 800 Agnovit
368 732 451 800 longe
464 732 597 800 gemitum
609 747 741 799 praesaga
751 729 818 782 111111
830 745 916 784 mens.

234 819 369 873 Canitiem
383 819 471 872 multo
484 819 621 873 deformat
634 817 757 886 pulvere,
772 822 800 870 et
813 816 906 870 ambas

233 906 279 960 Ad
292 906 397 960 eaelum
410 905 501 959 tendit
513 905 626 974 palmas,
642 913 670 958 11
682 903 948 972 eorpore'inhaeret.

235 995 251 1022 “
260 993 383 1047 Tantane
395 1009 440 1046 111
453 993 544 1046 tenuit
558 992 675 1060 vivendi,
690 990 913 1060 nate,'voluptas‚

208 1066 210 1070 ⁵
233 1081 272 1134 Ut
284 1098 335 1150 pro
348 1097 392 1134 me
404 1080 499 1134 hostili
512 1085 622 1148 paterer
635 1079 781 1132 suooedere
794 1079 917 1144 dextrae,

233 1168 321 1234 Quem
335 1168 437 1236 genuit
457 1167 550 1220 Tuane
563 1167 630 1220 haee
642 1167 752 1234 genitor
764 1182 815 1234 per
828 1164 941 1218 volnera
953 1183 1056 1235 servor,

232 1256 323 1310 Morte
336 1261 384 1309 tua
395 1255 511 1308 vivensl
549 1253 619 1320 Heu,
635 1269 708 1308 nuno
721 1254 822 1306 misero
835 1252 903 1305 mihi
916 1252 1027 1306 demum

232 1343 366 1396 Exsilium
379 1341 492 1407 infelix3
513 1340 655 1394 nunoalte
669 1341 765 1394 volnus
778 1340 919 1394 adeotuml

232 1429 310 1484 Idem
324 1447 383 1498 ego,
399 1436 471 1497 nate,
486 1434 565 1482 tuum
579 1428 714 1482 maculavi
728 1429 843 1482 erimine
855 1444 965 1495 nomen,

232 1517 331 1571 Pulsus
344 1517 380 1571 ob
392 1516 526 1569 invidiam
539 1515 609 1569 solio
623 1517 792 1586 sceptrisque
804 1516 934 1584 paternis.

187 1625 191 1635 ·
232 1604 387 1658 Debueram
401 1603 507 1672 patriae
520 1620 623 1672 poenas
636 1603 760 1672 odiisque
772 1620 915 1658 meorum:

233 1691 332 1744 Omnis
344 1709 394 1760 per
407 1691 505 1745 mortis
519 1691 638 1744 animam
652 1701 761 1744 sontem
774 1691 834 1760 ipse
846 1691 999 1746 dedissem!

233 1779 314 1834 Nune
329 1783 399 1848 vive,
415 1799 503 1851 neque
517 1783 606 1837 adhue
618 1782 743 1835 homines
756 1781 901 1850 lucemque
913 1781 1048 1849 relinquo.

233 1867 287 1922 Sed
299 1869 449 1938 linquam.’'
488 1869 575 1922 Simul
587 1869 641 1924 hoo
654 1869 749 1922 dioens
762 1868 864 1922 attollit
876 1869 904 1920 iu
918 1883 1031 1934 aegrum

232 1955 269 2009 Se
281 1957 379 2024 femur,
395 1963 430 2021 11,
446 1973 611 2025 quamquam
625 1957 668 2009 vis
680 1956 736 2009 alto
748 1956 861 2009 volnere
874 1955 973 2022 tardat,

232 2044 314 2098 Haud
328 2044 450 2098 deiectus
465 2063 564 2115 equum
580 2045 739 2099 duoiiubet.
779 2043 840 2097 Hoo
853 2043 937 2096 deous
949 2043 996 2107 illi,

233 2132 294 2186 Hoe
307 2134 429 2188 solamen
442 2140 516 2191 erat:
537 2135 616 2189 bellis
628 2135 681 2189 hoo
694 2137 783 2188 vietor
795 2134 889 2188 abibat

233 2219 377 2276 Omnibus.
416 2223 585 2291 Adloquitur
598 2229 774 2290 maerentem,
790 2228 819 2276 et
830 2222 931 2276 talibus
944 2219 1020 2274 infit:

234 2311 251 2337 “
261 2309 382 2378 Rhaebe‚
397 2310 451 2377 diu,
467 2326 510 2364 res
524 2311 546 2362 si
560 2311 672 2379 quadiu
686 2311 847 2364 mortalibus
859 2309 914 2363 ulla
926 2314 975 2376 est,

233 2395 370 2450 Viximus.
409 2398 469 2450 Aut
481 2397 564 2450 hodie
577 2398 666 2451 viotor
680 2397 767 2465 spolia
779 2397 826 2451 illa
838 2402 953 2450 eruenta

232 2483 269 2536 Et
281 2489 363 2552 eaput
377 2485 488 2538 Aeneae
501 2486 610 2553 referes,
626 2485 761 2554 Lausique
774 2483 899 2538 dolorum

234 2569 314 2622 Ultor
327 2571 380 2623 eris
392 2587 518 2639 meeum3
540 2578 595 2640 aut,
611 2573 700 2640 aperit
713 2573 737 2624 si
750 2571 826 2625 nulla
839 2572 911 2624 viam
923 2571 973 2637 vis,

234 2657 388 2711 Oooumbes
400 2659 519 2726 pariter:
540 2660 724 2728 nequeenim,
741 2659 900 2724 fortissime,
915 2657 1005 2724 credo,

233 2744 310 2797 lussa
323 2745 412 2799 aliena
423 2746 480 2813 pati
494 2752 522 2799 11
534 2746 662 2800 dominos
675 2746 824 2814 dignabere
837 2744 985 2798 Teuoros.''

233 2832 318 2900 Dixit,
335 2838 363 2885 et
376 2839 508 2900 exceptus
521 2838 599 2901 tergo
615 2839 747 2887 consueta
758 2833 862 2887 locavit

233 2919 364 2987 Membra,
379 2936 531 2988 manusque
544 2921 638 2974 ambas
650 2921 747 2974 lanulis
760 2920 886 2974 oneravit
899 2919 994 2986 sentis,

236 3008 307 3062 Aere
319 3012 403 3076 eaput
415 3007 530 3075 fulgens,
546 3010 681 3075 cristaque
693 3008 815 3060 hirsutus
827 3007 935 3075 equina.

233 3095 278 3148 Sia
292 3111 401 3147 oursum
414 3094 443 3146 in
457 3095 562 3146 medios
575 3094 687 3162 rapidus
701 3094 785 3147 dedit.
824 3096 942 3148 Aestuat
955 3092 1051 3159 ingens

234 3179 295 3234 Uno
308 3180 335 3232 in
351 3181 433 3233 eorde
446 3181 535 3248 pudor
550 3181 690 3250 mixtoque
702 3181 811 3235 insania
823 3182 908 3247 luotu,

234 3267 281 3334 [Et
294 3267 371 3319 furiis
384 3268 503 3333 agitatus
517 3285 594 3320 amor
607 3274 636 3321 et
649 3269 757 3322 oonsoia
772 3269 879 3336 virtus]

234 3353 326 3421 Atque
339 3353 383 3406 hie
397 3353 513 3408 Aenean
527 3371 626 3422 magna
638 3361 681 3409 ter
696 3372 763 3409 voce
776 3357 896 3411 voeavit.

234 3438 344 3490 Aeneas
357 3441 470 3506 agnovit
483 3440 565 3508 111111,
580 3441 721 3509 laetusque
734 3448 879 3510 precatur:

236 3523 305 3577 “Sia
319 3529 397 3592 pater
409 3525 456 3578 ille
469 3527 548 3579 deum
563 3528 656 3595 iaciat,
672 3530 710 3580 sie
724 3529 794 3582 altus
809 3529 925 3596 Apollol
