2730 3936
422 1011 425 1019 Ι
471 927 500 997 P.
516 931 654 998 iuueni
676 933 826 1002 aaronis

387 1111 912 1193 AE‘NEIDOS

464 1307 599 1369 LIBER
628 1310 828 1372 TERTIUS.

562 1509 731 1518 ...d-...-

136 1634 286 1706 Postquam
298 1653 345 1691 res
359 1636 444 1691 Asiae
459 1637 617 1707 Priamique
630 1647 754 1692 evertere
766 1644 877 1708 gentem

134 1721 305 1778 Immeritam
319 1725 410 1777 visum
423 1724 542 1793 Superis,
558 1725 711 1793 ceciditque
726 1727 874 1794 superbum

134 1809 212 1863 Ilium
224 1816 254 1864 et
267 1811 361 1864 omnis
373 1811 459 1865 humo
471 1812 561 1865 fumat
575 1811 718 1879 Neptunia
731 1813 820 1881 Troia,

133 1896 248 1952 Diversa
261 1897 362 1952 exsilia
375 1898 537 1953 et-dcsertas
551 1916 683 1968 quaerere
697 1906 786 1954 terras
861 1964 874 1978 ἱ

133 1983 264 2052 Auguriis
277 1986 388 2054 agimur
401 1985 502 2052 divom,
518 1986 686 2056 classemque
699 1988 749 2040 sub
762 1987 823 2056 ipsa

133 2071 282 2126 Antandro
296 2076 327 2126 et
343 2071 480 2140 Phrygiae
495 2073 622 2126 molimur
635 2075 777 2128 montibus
791 2075 864 2144 Idae,

133 2157 242 2225 incerti,
258 2175 317 2227 quo
330 2158 391 2212 fata
402 2159 501 2228 ferant,
516 2160 563 2214 ubi
576 2161 672 2215 sistere
685 2161 774 2230 detur,

130 2243 387 2314 Contrahimusque
399 2245 481 2300 viros.
519 2247 577 2301 Vix
590 2248 679 2316 prima
691 2249 833 2318 inceperat
845 2255 942 2318 aestas,

132 2332 168 2386 Et
179 2341 260 2403 pater
274 2335 414 2389 Anchises
426 2336 491 2389 dare
503 2335 568 2389 fatis
581 2335 642 2388 vela
655 2336 783 2390 iubebat:

132 2419 225 2476 Litora
237 2441 303 2476 cum
317 2423 424 2491 patriae
436 2423 583 2476 lacrimans
597 2428 747 2492 portusque
759 2425 887 2492 relinquo

132 2509 166 2564 Et
178 2528 302 2582 campos,
318 2511 366 2565 ubi
379 2511 461 2565 Troia
473 2511 536 2565 fuit.
574 2510 660 2564 Feror
673 2511 749 2564 exsui
763 2512 791 2564 in
805 2511 891 2564 altum

133 2597 200 2652 Cum
214 2602 301 2655 sociis
314 2605 435 2670 natoque
448 2600 599 2656 Penatibus
612 2604 640 2653 et
652 2600 758 2668 magnis
771 2599 820 2652 dis.

164 2687 250 2742 Terra
262 2687 365 2758 procul
379 2687 464 2742 vastis
477 2688 576 2742 colitur
589 2686 726 2741 Mavortia
739 2687 877 2755 campis-

133 2771 251 2830 Thraces
264 2776 441 2830 arant-acri
455 2776 593 2844 quondam
605 2780 721 2844 regnata
733 2775 867 2842 Lycurgo,

132 2860 292 2931 Hospitium
308 2861 452 2930 antiquum
464 2861 562 2916 Troiae
576 2863 698 2932 sociique
710 2861 836 2930 Penates,

132 2947 204 3002 Dum
214 2950 346 3004 Fortuna
357 2950 417 3002 fuit.
455 2949 540 3003 Feror
554 2950 615 3017 huc,
632 2956 659 3003 et
672 2949 754 3004 litore
768 2965 853 3003 curvo

132 3033 242 3092 Moenia
253 3038 348 3107 prima
360 3036 430 3105 loce,
445 3037 509 3090 fatis
520 3037 659 3105 ingressus
672 3037 782 3106 iniquis,

133 3123 337 3193 Aeneadasque
350 3141 412 3177 meo
425 3140 526 3178 nomen
540 3125 574 3178 de
588 3125 700 3178 nomine
712 3125 796 3194 fingo

165 3212 251 3268 Sacra
264 3213 411 3267 Dionaeae
424 3213 504 3266 matri
517 3213 643 3282 divisque
655 3214 779 3267 ferebam

132 3299 303 3366 Auspicibus
315 3304 479 3367 coeptorum
493 3315 615 3368 operum,
630 3315 784 3368 superoque
797 3298 933 3352 nitentem

133 3383 303 3440 Caelicolum
316 3388 374 3455 regi
388 3387 541 3440 mactabam
556 3387 585 3438 in
597 3387 679 3440 litere
691 3391 810 3441 taurum.

131 3471 215 3526 Forte
227 3473 284 3526 fuit
296 3473 375 3528 iuxta
386 3473 516 3539 tumulus,
532 3490 586 3542 quo
599 3490 699 3527 cornea
711 3491 819 3527 summo

131 3555 265 3627 Virgulta
278 3564 307 3613 et
318 3561 412 3614 densis
423 3559 571 3613 hastilibus
583 3560 697 3613 horrida
709 3566 826 3628 myrtus.

1120 3299 1155 3350 20
