2656 3940
395 214 532 266 vanem
554 215 719 266 canalaus
741 217 773 268 X.

91 376 214 432 Audentis
227 379 348 434 Fortuna
360 378 466 432 invat.''

90 464 155 519 llaec
166 467 210 533 ait,
224 477 251 520 et
264 483 357 521 secum
370 472 470 534 versat,
484 483 554 536 quos
565 467 666 520 ducere
678 473 783 536 contra,

92 551 136 605 Vel
147 554 241 621 quibus
253 555 379 608 obsessos
390 554 477 622 possit
489 553 653 608 concredere
666 570 767 608 muros.

118 639 219 694 Interea
230 640 340 694 Aeneas
352 641 441 694 socios
454 640 489 695 de
501 641 637 708 puppibus
650 640 713 696 altis

88 726 209 781 Pontibus
220 729 342 796 exponit,
380 727 461 781 Multi
473 744 583 781 servare
595 744 721 782 recursus

88 812 241 882 Languentis
252 815 350 884 pelagi,
365 823 392 867 et
405 815 535 868 brevibus
548 831 577 868 se
590 815 700 870 credere
713 817 798 884 saltu3

87 897 133 954 Per
143 918 230 956 remos
242 902 297 956 alii.
335 901 496 970 Speculatus
508 903 591 956 litora
602 901 736 970 Tarchon,

88 988 139 1052 Qua
149 990 218 1044 vada
229 1007 286 1043 non
299 990 407 1059 spirant
419 1006 472 1044 nac
483 990 573 1044 fracta
584 997 769 1045 remurmuret
782 991 862 1058 unda,

87 1074 133 1128 Sed
143 1093 216 1131 mare
227 1077 396 1132 inoffensum
409 1077 544 1130 crescenti
557 1076 694 1131 adlabitur
707 1083 792 1146 aestu,

86 1163 203 1219 Advertit
215 1167 308 1220 subito
319 1182 423 1234 proras,
438 1166 581 1234 sociosque
592 1171 736 1236 precatur:

88 1252 101 1278 “
110 1251 190 1319 Nune,
205 1270 222 1307 ο
234 1255 310 1308 lecta
320 1269 425 1320 manus,
440 1252 539 1306 validis
550 1253 702 1308 incumbite
714 1254 812 1322 renuis3

85 1337 178 1409 Tollite,
191 1342 265 1396 ferte
277 1347 366 1407 rates3
385 1341 525 1394 inimicam
538 1339 635 1394 findite
646 1341 744 1396 rostris

85 1423 153 1480 Hanc
164 1433 275 1496 terram,
292 1428 451 1496 sulcumque
465 1427 517 1480 sibi
530 1433 637 1495 premat
649 1428 709 1495 ipsa
721 1429 823 1484 canna.

86 1511 209 1584 Frangere
221 1533 276 1569 nec
288 1515 338 1569 tali
351 1515 465 1585 puppim
478 1515 597 1569 statione
609 1531 715 1586 recuso,

85 1603 192 1676 Arrepta
203 1607 305 1662 tellure
318 1609 429 1663 sanuel.'’
466 1611 544 1677 Quae
556 1611 621 1666 talia
632 1615 778 1680 postquam

84 1689 176 1748 Effatus
188 1695 326 1763 Tarchon,
340 1697 409 1751 socii
420 1714 584 1767 consurgere
596 1699 683 1753 tonsis

85 1779 286 1852 Spumantisque
297 1793 372 1837 rates
383 1785 458 1838 arvis
469 1787 573 1840 inferre
586 1787 700 1852 Latinis,

85 1865 168 1924 Donec
180 1877 272 1926 rostra
285 1877 383 1926 tenent
396 1873 496 1927 siccum
510 1879 538 1927 et
551 1875 645 1927 sedere
658 1874 768 1928 carinae

84 1953 174 2012 Omnes
185 1963 323 2016 innocuae
333 1981 340 2028 3
361 1962 478 2017 sednon
490 1963 589 2032 puppis
601 1971 656 2028 tua,
671 1962 805 2016 Tarchon.

84 2039 196 2115 Namque
207 2049 317 2103 inflicta
329 2048 406 2103 vadis
418 2050 501 2104 dorso
513 2051 578 2104 dnm
592 2051 695 2119 pendet
706 2052 809 2120 iniquo,

84 2128 183 2202 Anceps
195 2140 352 2189 sustentata
365 2135 420 2204 diu,
435 2136 588 2207 fluctusque
601 2138 706 2206 fatigat,

84 2217 198 2294 Solvitur,
213 2233 298 2298 atque
312 2228 386 2280 viros
398 2227 498 2282 mediis
512 2227 626 2297 exponit
638 2227 667 2280 in
679 2227 776 2294 undis3

83 2307 102 2360 F
103 2315 217 2380 regmina
229 2332 372 2370 remorum
387 2332 455 2384 quos
468 2321 496 2368 et
508 2315 647 2370 fluitantia
658 2320 780 2369 transtra

83 2393 234 2471 Impediunt
249 2402 425 2471 retrahitque
436 2403 534 2471 pedem
547 2402 629 2456 simul
642 2403 716 2457 anda
727 2403 861 2456 relabens.

112 2484 165 2542 Nec
177 2489 303 2543 Turnum
318 2490 408 2558 segnis
421 2489 523 2544 retinet
535 2506 628 2556 mora3
649 2489 697 2543 sed
710 2491 782 2558 rapit
795 2506 857 2543 acer

82 2567 167 2627 Totam
179 2577 265 2630 aciem
278 2577 311 2630 in
324 2577 451 2644 Teucros,
466 2582 495 2630 et
507 2581 605 2630 contra
616 2577 645 2630 in
658 2577 739 2630 litore
753 2577 834 2630 sistit.

82 2654 155 2727 Signa
166 2670 275 2733 canunt,
318 2663 428 2718 Primus
439 2669 547 2718 turmae
558 2664 661 2718 invasit
673 2665 789 2732 agrestis

82 2745 186 2817 Aeneae,
201 2768 283 2806 omen
299 2767 414 2820 pugnae,
430 2752 582 2821 stravitque
594 2751 715 2820 Latinos,

82 2828 167 2888 Occiso
179 2835 319 2905 Therone,
333 2836 423 2890 virum
436 2837 481 2906 qui
494 2838 630 2891 maximus
642 2837 715 2890 ultro

82 2915 182 2975 Aenean
194 2925 272 2992 petit.
314 2923 387 2978 Huic
400 2924 491 2992 gladio
502 2941 605 2993 perque
619 2941 699 2978 aeres
711 2929 779 2993 suto,

82 3002 127 3058 Per
137 3011 255 3066 tunicam
268 3011 443 3081 squalentem
456 3027 531 3078 auro,
546 3011 617 3065 latus
629 3011 721 3065 haurit
734 3018 868 3080 apertum.

82 3089 140 3149 Inde
152 3096 251 3153 Lichan
266 3099 344 3166 ierit,
359 3103 501 3152 exsectum
513 3099 568 3152 iam
580 3103 670 3154 matre
682 3104 833 3167 perempta,

81 3176 111 3232 Et
122 3183 176 3251 tibi,
190 3184 312 3253 Phoebe,
327 3201 443 3254 sacrum,
457 3201 536 3240 casus
548 3187 663 3240 evadare
675 3186 744 3239 ferri

83 3265 151 3330 Quod
162 3271 238 3328 licuit
250 3290 350 3342 parvo.
388 3271 447 3326 Nec
459 3272 549 3341 longe.
565 3273 659 3327 (lissea
671 3273 769 3326 durum

82 3349 273 3430 Immunemque
287 3359 376 3428 Gyan,
391 3361 540 3413 sternentis
552 3360 661 3428 agmina
673 3360 756 3426 clava,

82 3437 176 3499 Deiecit
186 3445 258 3516 leto;
279 3445 349 3500 nihil
361 3445 425 3500 illos
436 3446 566 3501 Herculis
579 3463 663 3510 arma,

81 3523 133 3582 Nec
143 3533 245 3588 validae
257 3535 353 3588 iuvere
365 3550 465 3588 manus
477 3535 640 3603 genitorque
653 3534 812 3605 Melampus,
