2734 3936
519 202 657 253 Vanam
680 203 868 252 cncnclcou
892 203 937 252 III.

219 367 256 420 Ut
270 367 409 437 quondam
421 367 451 420 in
463 366 571 436 stipulis
583 383 698 434 magnus
711 365 769 418 sine
781 365 885 418 viribus
898 365 976 432 ignis,

217 455 359 509 Incassum
371 455 447 509 furit.
485 454 560 522 Ergo
573 454 678 508 animos
691 470 843 522 aevumque
855 452 966 506 notabis

217 542 383 612 Praecipue,
404 543 469 595 hinc
482 541 549 596 alias
562 542 637 609 artis,
651 541 812 610 prolemque
825 546 980 609 parentum,

217 629 254 684 Et
266 625 327 699 quis
339 631 437 699 cuique
450 630 529 683 dolor
542 629 624 697 victe,
640 645 708 698 quae
719 629 808 696 gloria
822 628 937 696 palmae.

218 717 317 770 Nonne
329 717 415 784 vides,
430 734 491 770 cum
504 715 648 784 praecipiti
662 717 812 770 certamine
825 732 954 784 campum

218 804 383 872 Corripuere
396 809 534 872 ruuntque
548 803 629 856 effusi
643 820 754 856 carcere
767 819 871 869 currus,

219 891 288 944 (lum
302 908 364 960 spes
377 896 501 944 arrectae
513 890 651 958 iuvenum,
667 891 888 958 exsultantiaque
900 889 995 943 haurit

180 1041 183 1046 ,
218 978 308 1032 Corda
320 995 407 1046 pavor
419 977 548 1047 pulsansl
585 976 630 1029 Illi
642 977 748 1030 instant
761 977 875 1030 verbere
888 981 963 1030 torto

217 1065 254 1118 Et
265 1065 345 1134 proni
358 1065 426 1119 dant
437 1065 512 1132 lora余
533 1063 610 1117 volat
622 1065 649 1116 vi
662 1063 785 1117 fervidus
797 1065 871 1130 axis余

218 1151 330 1221 Iamque
342 1151 467 1220 humiles,
482 1151 591 1221 iamque
604 1150 670 1204 elati
682 1150 799 1204 sublime
814 1151 943 1204 videntur

218 1240 292 1293 Aera
304 1256 482 1308 pervacuum
495 1239 571 1307 ferri,
587 1244 669 1307 atque
682 1238 830 1306 adsurgere
842 1238 870 1290 iu
885 1255 979 1305 auras3

217 1325 277 1380 Nec
289 1343 374 1395 mora,
388 1343 440 1380 nec
453 1326 577 1394 requies余
599 1329 627 1378 at
639 1325 731 1379 fulvae
743 1325 852 1377 nimbus
865 1325 984 1378 harenae

218 1412 349 1481 Tollitur余
370 1419 514 1467 umescunt
526 1413 630 1482 spumis
642 1412 762 1480 flatuque
775 1418 953 1480 sequentum:

218 1489 321 1553 Tantus
333 1517 411 1554 umor
422 1499 542 1569 laudum,
558 1505 651 1553 tantae
664 1507 706 1553 est
718 1499 837 1552 victoria
849 1515 939 1553 curae.

216 1587 327 1642 Primus
340 1587 537 1641 Erichthonius
549 1605 645 1641 currus
657 1592 686 1640 et
698 1592 828 1655 quattuor
840 1604 920 1641 ausus

217 1675 335 1743 Iungere
349 1692 439 1744 equos,
454 1675 620 1744 rapidusque
632 1675 701 1729 rotis
712 1674 840 1727 insistere
853 1675 950 1728 victor.

217 1763 308 1816 Frena
321 1763 492 1816 Pelethronii
505 1762 638 1832 Lapithae
651 1778 788 1830 gyrosque
800 1761 901 1815 dedere

217 1849 341 1918 Impositi
355 1851 443 1912 dorse,
459 1858 541 1918 atque
554 1850 675 1918 equitem
688 1848 807 1903 docuere
819 1850 869 1903 sub
883 1851 966 1904 armis

217 1931 354 1992 Insultare
368 1939 433 2006 solo,
449 1943 477 1991 et
488 1955 597 2006 gressus
609 1938 763 2007 glomerare
776 1938 917 2005 superbos.

217 2025 331 2095 Aequus
343 2031 459 2095 uterque
472 2026 565 2093 labor3
586 2041 672 2094 aeque
685 2025 868 2094 iuvenemque
880 2025 1005 2092 magistri

216 2113 374 2182 Exquirunt
387 2113 558 2182 calidumque
571 2112 670 2166 animis
682 2116 710 2166 et
723 2113 847 2165 cursibus
859 2129 957 2178 acrem,

217 2200 349 2266 Quamvis
362 2218 442 2270 saepe
454 2201 520 2269 fuga
532 2217 626 2254 versos
638 2200 685 2252 ille
698 2200 785 2268 egerit
797 2199 892 2266 hostis,

216 2286 253 2341 Et
265 2288 513 2357 patriam'Epirum
525 2288 638 2354 referat,
653 2287 787 2354 fortisque
799 2285 938 2354 Mycenae,

216 2374 395 2445 Neptunique
407 2376 466 2443 ipsa
479 2374 597 2428 deducat
609 2373 715 2440 origine
728 2377 846 2441 gentem.

252 2463 302 2514 His
315 2462 512 2516 animadversis
524 2462 629 2514 instant
641 2461 692 2514 sub
705 2466 820 2528 tempus,
835 2465 863 2513 et
876 2460 965 2513 omnis

216 2547 385 2616 impendunt
397 2563 477 2600 curas
490 2547 575 2600 denso
588 2545 744 2599 distendere
757 2545 860 2614 pingui,

217 2635 305 2700 Quem
318 2635 409 2702 legere
422 2634 520 2688 ducem
533 2639 563 2686 et
574 2632 668 2702 pecori
680 2633 775 2686 dixere
788 2633 932 2699 maritum

216 2721 406 2790 Florentisque
419 2725 512 2774 secant
525 2720 632 2788 herbae,
647 2719 800 2786 fluviosque
812 2719 972 2773 ministrant

216 2808 363 2877 Farraque,
378 2825 413 2860 ne
425 2806 526 2860 blando
539 2812 659 2875 nequeat
671 2823 813 2875 superesse
825 2806 921 2875 labori,

216 2897 386 2964 Invalidique
399 2901 509 2963 patrum
522 2895 643 2948 referant
654 2894 755 2947 ieiunia
768 2893 834 2947 nati.

216 2984 279 3052 Ipsa
292 2989 383 3038 autem
394 2983 483 3036 macie
497 2987 611 3035 tenuant
624 2986 749 3035 armenta
761 2981 893 3050 volentes,

217 3071 317 3139 Atque,
333 3070 379 3123 ubi
392 3069 555 3122 concubitus
567 3068 671 3136 primos
683 3069 738 3121 iam
750 3073 818 3120 nota
829 3068 958 3136 voluptas

216 3156 360 3223 Sollicitat,
376 3155 540 3223 frondesque
553 3159 657 3222 negant
670 3160 698 3207 et
711 3155 834 3207 fontibus
847 3164 950 3208 arcent.

216 3243 303 3312 Saepe
316 3243 398 3297 etiam
412 3259 494 3296 cursu
507 3242 636 3311 quatiunt
649 3248 677 3294 et
689 3242 746 3295 sole
759 3243 883 3309 fatigant,

216 3333 285 3385 (lum
298 3331 420 3398 graviter
432 3331 520 3382 tunsis
532 3331 618 3398 gemit
631 3345 695 3382 area
706 3329 840 3396 frugibus,
856 3333 884 3380 et
897 3344 960 3382 cum

215 3419 379 3485 Surgentem
393 3417 425 3470 ad
439 3416 595 3484 Zephyrum
608 3416 703 3484 paleae
716 3416 853 3468 iactantur
864 3415 967 3469 inanes.

216 3505 277 3558 Hoc
289 3504 402 3571 faciunt,
416 3503 502 3556 nimio
514 3519 549 3555 ne
561 3502 627 3555 luxu
641 3502 784 3555 obtunsior
796 3519 860 3554 usus
