2730 3936
478 251 617 302 vultum
639 251 805 301 auuulnos
828 251 849 302 I.

139 413 258 467 Exercet
271 414 323 468 sub
335 413 393 468 sole
403 413 491 482 labor,
506 431 568 468 cum
581 415 673 482 gentis
684 414 795 467 adultos

139 500 270 554 Educuut
281 501 365 570 letus,
380 506 429 555 aut
441 517 503 554 cnm
515 499 648 570 liquentia
660 500 742 554 mella

139 588 250 657 Stipant
263 592 292 642 et
304 588 379 641 dulci
392 587 554 641 distendunt
565 593 678 642 nectare
691 587 783 656 cellas,

139 676 198 728 Aut
210 692 299 729 onera
311 675 450 742 accipiunt
462 676 623 729 venientum
636 682 685 729 aut
697 675 805 744 agmine
818 676 895 729 facto

138 761 275 830 Ignavum
289 762 367 816 fucos
378 778 463 830 pecus
474 779 491 816 a
501 763 697 831 praesaepibus
709 769 818 816 arcent:

137 847 242 901 Fervet
254 864 332 916 opus,
347 845 527 914 redolentque
539 845 639 912 thymo
650 845 804 911 fragrantia
815 843 906 898 mella.

140 934 155 960 ·‘
165 932 190 986 Ο
202 933 348 1002 fortunati,
364 950 478 1002 quorum
490 933 546 986 iam
559 930 670 984 moenia
682 931 815 998 surgunt!
829 929 847 958 ’'

141 1017 254 1070 Aeneas
267 1018 314 1084 ait,
328 1023 358 1070 et
370 1017 478 1085 fastigia
492 1017 607 1085 suspicit
620 1017 704 1070 urbis

138 1104 231 1158 Infert
244 1120 274 1156 se
287 1109 398 1173 saeptus
408 1103 673 1158 nebula-mirabile
686 1103 799 1157 dictu-

138 1191 193 1244 Per
206 1191 323 1260 medios,
336 1191 489 1260 miscetque
501 1191 575 1258 viris,
590 1206 682 1260 neque
694 1191 817 1244 cernitur
829 1191 888 1245 ulli.

173 1279 269 1333 Lucus
281 1279 310 1331 in
324 1280 393 1333 urbe
404 1281 457 1332 fuit
470 1279 568 1339 media.
583 1277 747 1332 laetissimus
760 1279 867 1347 umbra,

139 1366 200 1431 Quo
213 1368 336 1436 primum
349 1367 443 1421 iactati
456 1367 538 1420 undis
550 1371 579 1420 et
590 1366 702 1420 turbine
714 1365 803 1420 Poeni

138 1453 273 1508 Effodere
285 1454 348 1508 loco
361 1455 476 1522 signum,
492 1454 564 1524 quod
578 1454 652 1521 regia
666 1453 737 1506 Iuno

138 1541 320 1610 Monstrarat,
335 1550 419 1611 caput
431 1543 503 1596 acris
513 1543 591 1611 equi:
612 1541 650 1595 sic
662 1557 727 1594 uam
741 1542 800 1594 sore
813 1541 887 1594 bello

138 1628 288 1698 Egregium
302 1635 331 1683 et
342 1629 455 1682 facilem
467 1631 543 1682 victu
556 1646 606 1697 per
620 1628 726 1692 saecula
740 1633 860 1696 gentem.

139 1716 192 1770 Hic
205 1716 343 1785 templum
356 1717 458 1770 Iunoni
470 1717 569 1783 ingens
581 1715 694 1770 Sidonia
707 1715 781 1768 Dido

138 1802 295 1872 Condebat,
310 1804 392 1858 donis
405 1803 568 1873 opulentum
581 1808 609 1856 et
621 1803 735 1856 numine
747 1802 836 1869 divae,

138 1890 232 1945 Aerea
245 1892 291 1944 cui
304 1891 434 1960 gradibus
446 1891 596 1960 surgebant
607 1890 703 1943 limina
714 1907 857 1960 nexaeque

140 1978 213 2032 Aere
225 1979 328 2047 trabes,
340 1979 449 2032 foribus
460 1978 545 2032 cardo
558 1978 694 2032 stridebat
706 1979 790 2032 aenis.

139 2064 202 2120 Hoc
213 2066 336 2134 primurn
347 2066 377 2118 in
389 2065 453 2120 luco
466 2083 541 2120 nova
552 2082 598 2119 res
609 2065 702 2120 oblata
713 2066 843 2120 timorem

139 2152 239 2223 leniit,
255 2153 301 2206 hic
313 2154 432 2222 primurn
447 2155 557 2208 Aeneae
569 2169 680 2222 sperare
693 2152 810 2207 salutem

140 2240 233 2294 Ausus
248 2246 276 2294 et
288 2240 407 2294 adflictis
418 2241 518 2295 melius
529 2241 669 2294 confidere
681 2241 771 2294 rebus.

139 2326 269 2396 Namque
282 2328 332 2381 sub
344 2328 450 2396 ingenti
464 2329 564 2382 lustrat
576 2328 641 2380 dum
655 2328 763 2396 singula
775 2329 888 2397 templo,

140 2414 276 2483 Reginam
290 2416 442 2484 opperiens,
457 2415 531 2482 dum,
547 2431 616 2484 quae
629 2413 753 2469 Fortuna
766 2417 801 2469 sit
814 2417 885 2484 urbi,

142 2501 344 2570 Artificumque
355 2519 454 2556 manus
466 2503 540 2556 inter
553 2519 582 2556 se
595 2519 765 2572 operumque
777 2503 901 2557 laborem

141 2589 268 2657 Miratur,
281 2589 359 2642 videt
371 2588 469 2643 Iliacas
481 2606 515 2644 ex
529 2589 627 2643 ordine
639 2607 747 2659 pugnas

142 2675 273 2745 Bellaque
284 2676 339 2729 iam
351 2677 429 2730 sama
439 2683 527 2730 toturn
542 2677 654 2746 volgata
665 2694 716 2746 per
728 2679 831 2744 orbem,

141 2764 263 2831 Atridas,
278 2763 479 2833 Priamumque,
495 2769 523 2818 et
536 2781 648 2818 saevum
663 2765 797 2818 ambobus
811 2764 948 2818 Achillen.

141 2849 283 2919 Constitit,
297 2857 325 2904 et
337 2851 484 2906 lacrimans
504 2851 598 2917 “Quis
610 2851 665 2906 iam
678 2851 784 2916 locus,’'
798 2852 893 2921 inquit,
912 2851 1052 2920 “Achate

142 2937 217 3002 Quae
230 2939 308 3007 regio
320 2939 348 2992 in
360 2939 443 2992 terris
455 2941 544 2992 nostri
557 2955 614 2992 non
626 2939 710 3007 plena
722 2938 842 2992 laborisl

141 3023 183 3077 En
195 3025 330 3079 Priamus
369 3025 440 3079 Sunt
453 3026 498 3080 hic
511 3027 594 3080 ctiam
609 3043 658 3079 sua
670 3027 794 3094 praemia
806 3026 895 3093 laudi,

142 3110 211 3165 Sunt
223 3113 352 3167 harimae
364 3130 457 3167 rerum
471 3118 499 3166 et
510 3119 632 3166 mentem
645 3113 775 3166 mortalia
787 3118 913 3181 tangunt.

142 3197 223 3252 Solve
236 3205 341 3264 matus;
360 3200 432 3254 leret
443 3199 512 3254 haec
524 3200 642 3269 aliquam
655 3201 706 3253 tibi
720 3200 793 3254 lama
805 3201 949 3255 salutem.”

143 3285 187 3339 Sic
200 3288 247 3354 ait,
261 3295 346 3358 atque
357 3289 480 3343 animum
494 3288 602 3356 pictura
615 3290 702 3356 pascit
714 3288 798 3354 inani,

143 3371 230 3428 Multa
240 3392 359 3443 gemeus,
373 3375 506 3444 largoque
517 3381 637 3430 umectat
650 3375 763 3429 flumine
776 3375 889 3430 voltum.

144 3457 269 3529 Namque
280 3461 401 3531 videbat,
417 3462 458 3515 uti
471 3461 605 3516 bellantes
617 3462 754 3530 Pergama
766 3462 868 3515 circum

101 3609 106 3622 ι
144 3543 202 3600 Hau
214 3547 344 3616 ingerent
356 3549 432 3617 Grai,
447 3553 585 3616 premeret
597 3548 717 3602 Troiana
729 3549 867 3617 iuventus,
