2706 3938
535 240 673 290 vnauiul
696 242 860 291 AllNllIDOS
883 243 940 292 Vll.

229 401 378 471 Supposita
389 402 423 456 de
437 408 525 457 matre
539 403 641 457 nothos
654 403 746 456 furata
757 405 868 457 creavit.

228 488 340 542 Talibus
353 490 502 544 Aeneadae
515 490 595 544 donis
608 491 744 558 dictisque
757 489 849 544 Latini

229 577 365 632 Sublimes
376 577 406 630 in
420 579 497 647 equis
510 579 635 647 redeunt,
649 595 798 647 pacemque
811 584 963 648 reportant.

263 666 334 719 Eece
347 672 438 719 autem
451 654 572 719 Inaabiis
584 682 643 718 sese
657 665 795 719 referebat
808 666 842 720 ab
856 668 938 734 Argis

229 753 316 808 Saeva
327 754 402 807 Iovis
414 753 542 830 aoniunn,
558 769 692 822 aurasque
705 753 814 806 invecta
826 754 946 820 tenebat,

227 843 265 896 Et
276 842 379 896 laetum
392 842 506 895 Aenean
521 840 688 909 classemque
700 857 734 894 ex
745 840 855 896 aethere
867 841 948 909 longe

228 929 397 983 Dardaniam
411 929 502 984 Siculo
516 933 659 1001 prospexit
675 931 709 985 ab
722 944 808 998 usque
821 928 960 996 Pachyno.

228 1016 320 1070 Moliri
332 1016 385 1071 iam
400 1023 473 1072 teeta
487 1018 571 1083 videt,
587 1020 642 1072 iam
657 1017 743 1070 fidere
756 1026 854 1083 terrae,

228 1104 388 1158 Deseruisse
401 1111 481 1160 rates.
520 1107 604 1166 Stetit
618 1105 674 1158 aeri
687 1105 742 1156 fixa
755 1103 865 1170 dolot·e;

229 1191 297 1244 Tum
312 1209 441 1260 quassans
454 1199 536 1261 eaput
548 1193 617 1248 haee
631 1193 750 1246 effundit
763 1198 876 1260 pectore
888 1191 978 1246 dieta:

229 1279 316 1332 “Heu
330 1281 444 1349 stirpem
455 1281 579 1346 invisam,
595 1287 623 1334 et
635 1281 699 1351 fatis
712 1280 851 1334 contraria
864 1280 966 1332 nostris

228 1367 298 1420 Fata
310 1367 466 1436 Phrygum!
488 1385 553 1421 num
568 1368 655 1436 Sigeis
670 1368 833 1422 occumbere
846 1367 957 1435 eampis,

229 1454 303 1507 Num
317 1456 390 1524 eapti
404 1463 518 1524 potuere
532 1457 613 1524 eapil
635 1473 700 1509 num
715 1457 827 1510 incensa
840 1456 973 1509 cremavit

229 1541 311 1596 Troia
324 1544 416 1597 virosl
435 1544 539 1598 medias
563 1545 636 1598 aeies
650 1545 809 1613 mediosque
824 1560 873 1612 per
886 1543 956 1609 ignis

229 1629 363 1684 Invenere
376 1632 456 1685 viam.
495 1632 542 1698 At,
558 1633 649 1699 eredo,
665 1650 727 1687 mea
739 1633 853 1685 numina
865 1631 978 1686 tandem

229 1716 312 1770 Fessa
322 1718 421 1786 iacent,
437 1719 508 1772 odiis
520 1726 568 1774 aut
578 1726 735 1774 exsaturata
747 1721 885 1790 quievi,-

230 1805 303 1870 Quin
317 1806 398 1859 etiam
412 1808 502 1874 patria
515 1825 643 1861 excussos
658 1807 757 1862 infesta
770 1803 820 1876 per
832 1809 920 1864 undas

229 1893 307 1947 Ausa
319 1895 404 1962 sequi,
418 1899 446 1948 et
459 1895 581 1964 profugis
594 1902 653 1948 toto
668 1913 712 1948 me
724 1913 864 1964 opponere
877 1903 972 1965 ponto.

230 1982 402 2049 Absumptae
414 1981 443 2034 in
457 1981 576 2036 Teucros
591 1984 662 2035 vires
675 1983 797 2051 caelique
811 1985 955 2054 marisque.

232 2069 304 2134 Quid
318 2069 420 2136 Syrtes,
436 2076 483 2124 aut
497 2071 588 2137 Scylla
602 2071 676 2137 mihi,
693 2071 758 2140 qnid
774 2077 851 2126 vasta
864 2073 1019 2141 Oliarybdis

230 2156 357 2210 Profuitl
378 2163 474 2226 optato
487 2158 643 2211 conduntur
659 2157 807 2224 Thybridis
820 2160 907 2228 alveo,

230 2244 324 2297 Securi
338 2245 427 2313 pelagi
440 2253 521 2314 atque
534 2246 597 2299 mei.
635 2245 710 2299 Mars
723 2247 837 2314 perdere
850 2255 959 2318 gentem

229 2330 380 2384 Immanem
395 2331 543 2400 Lapithum
556 2333 658 2396 valuit3
680 2336 814 2388 concessit
826 2337 923 2390 inires

132 2426 136 2432 '
229 2418 293 2486 lpse
305 2418 386 2472 deum
400 2421 540 2488 antiquam
555 2421 663 2487 genitor
678 2422 821 2489 Calydona
833 2424 956 2482 Dianae:

230 2505 310 2570 Quod
323 2507 411 2559 seelus
423 2513 471 2560 aut
483 2507 615 2575 Lapithas
629 2516 744 2576 tantum,
760 2518 808 2565 aut
821 2513 964 2581 Calydona
975 2516 1151 2569 merentem?

230 2593 284 2645 Ast
296 2611 355 2663 ego,
370 2611 470 2662 magna
481 2594 555 2649 Iovis
568 2598 696 2666 coniunx,
712 2600 751 2652 nil
764 2600 888 2669 linquere
900 2602 1025 2656 inausum

231 2680 307 2745 Quae
320 2683 397 2749 potui
410 2682 514 2748 infelix,
530 2701 598 2752 quae
611 2691 714 2739 memet
727 2688 755 2740 in
771 2689 863 2743 omnia
876 2693 954 2758 verti,

231 2768 337 2821 Vineor
349 2770 383 2822 ab
395 2769 498 2823 Aenea.
538 2770 619 2834 Quod
634 2773 656 2824 si
672 2790 731 2827 mea
745 2775 857 2830 numina
869 2793 926 2830 non
939 2783 1003 2830 sunt
1203 2781 1253 2831 310

230 2855 330 2924 Magna
343 2857 416 2924 satis,
431 2858 556 2911 dubitem
571 2861 645 2914 haud
659 2863 785 2931 equidem
799 2865 945 2934 implorare
958 2865 1030 2933 quod
1045 2881 1162 2934 usquam
1175 2875 1227 2920 eet.

230 2943 354 2996 Flectere
367 2945 389 2997 si
402 2960 509 3013 nequeo
523 2946 649 3014 Superos,
667 2950 827 3005 Acheronta
839 2953 965 3007 movebo.

232 3031 294 3084 Non
308 3033 419 3085 dabitur
432 3037 530 3102 regnis.
547 3045 614 3101 esto,
630 3039 778 3107 prohibere
791 3040 904 3106 Latinis,

231 3123 323 3186 Atque
336 3121 451 3175 immota
465 3135 557 3178 manet
570 3126 635 3179 fatis
649 3127 764 3179 Lavinia
777 3127 913 3180 coniunx:

232 3209 270 3259 At
283 3209 400 3272 trahere,
417 3217 498 3280 atque
512 3230 604 3266 moras
618 3215 703 3266 tantis
716 3214 780 3267 lieet
794 3213 895 3268 addere
907 3216 1006 3277 rebus;
1203 3217 1253 3270 815

233 3299 268 3348 Αῑ
282 3297 346 3349 lieet
358 3300 501 3352 amborum
517 3303 634 3368 populos
653 3301 812 3354 exscindere
826 3318 929 3368 regum.

231 3381 289 3434 Hae
303 3400 387 3447 gener
401 3395 483 3451 nume
497 3402 574 3438 secer
587 3392 686 3438 coeant
705 3386 832 3439 mercede
846 3403 966 3440 suorum.

231 3467 370 3534 Sanguine
383 3469 502 3523 Traiano
515 3478 543 3523 et
557 3471 660 3524 Rutula
673 3473 814 3536 detrahere,
829 3473 914 3542 virga,

232 3551 266 3606 Et
279 3554 394 3609 Bellona
407 3565 500 3609 manet
514 3563 542 3609 te
555 3559 687 3625 pronuba.
727 3558 753 3610 N
756 3577 786 3612 ee
800 3563 859 3614 t'aee
872 3565 982 3615 tantum
