2734 3936
460 205 596 256 vanem
619 205 807 256 euenerunt
833 205 852 256 1.

143 357 293 424 Deucalion
306 385 425 422 vanuum
437 367 543 436 lapides
554 368 669 422 iactavit
681 368 710 420 in
725 368 829 434 orbem,

143 456 221 509 Unde
235 456 361 509 homines
374 456 439 521 nati,
455 455 553 507 durum
567 471 661 523 genus.
700 455 775 522 Ergo
788 471 846 522 age,
861 461 954 508 terrae

66 608 69 614 ,
142 543 248 611 Pingue
260 543 349 595 selum
363 542 461 610 primis
473 542 612 610 extemplo
625 559 642 596 a
653 542 794 596 mensibus
807 543 872 596 anni

142 631 241 683 Fortes
252 631 395 682 invertant
407 631 486 696 tauri,
501 629 666 698 glaebasque
679 629 796 682 iacentis

142 717 339 769 Pulverulenta
351 721 454 784 eoquat
465 716 580 768 maturis
592 716 697 768 solibus
710 722 817 782 aestus余

141 805 181 856 At
194 804 217 855 si
229 820 287 856 non
299 803 386 855 fuerit
398 802 480 855 tellus
491 802 620 869 fecunda,
635 803 685 856 sub
698 803 789 871 ipsum

141 889 293 949 Arcturum
306 891 383 943 tenui
398 895 440 944 sat
453 890 506 942 erit
519 889 687 957 suspendere
700 890 792 944 suleo:

141 975 210 1044 fllia,
225 977 346 1031 efficiant
358 977 439 1030 laetis
450 993 485 1030 ne
497 976 623 1043 frugibus
635 977 745 1046 herbae,

141 1065 202 1131 Hie,
218 1065 339 1117 sterilem
353 1064 469 1131 exiguus
481 1080 517 1118 ne
529 1065 638 1118 deserat
650 1081 730 1117 umor
743 1065 884 1120 harenam.

177 1152 303 1205 Alternis
315 1151 388 1204 idem
400 1156 496 1204 tonsas
508 1166 614 1204 eessare
627 1151 741 1218 novalis,

141 1238 178 1292 Et
191 1255 303 1307 segnem
318 1239 424 1306 patiere
436 1239 490 1290 situ
503 1237 648 1291 durescere
661 1253 805 1305 eampum余

142 1326 202 1379 Aut
214 1326 252 1378 ibi
266 1325 338 1378 flava
350 1341 432 1392 seres,
445 1329 553 1377 mutato
566 1324 662 1388 sidere,
676 1325 758 1392 farra,

143 1413 223 1466 Unde
236 1413 314 1481 prius
325 1412 428 1464 laetum
441 1411 539 1480 siliqua
552 1419 698 1480 quassante
710 1411 837 1480 legumen

145 1501 203 1552 Aut
214 1499 305 1552 tenuis
317 1499 390 1552 fetus
403 1499 490 1551 viciae
502 1499 645 1567 tristisque
658 1493 745 1567 lupini

143 1586 291 1640 Sustuleris
303 1585 410 1653 fragilis
422 1585 542 1638 ealnmos
556 1586 706 1654 silvamque
719 1591 872 1640 sonantem.

143 1673 207 1726 Urit
219 1673 292 1725 enim
305 1672 354 1724 lini
369 1688 495 1739 eampum
508 1689 595 1739 seges,
612 1674 667 1724 urit
680 1689 791 1738 avenae,

142 1759 234 1812 Urunt
247 1759 370 1812 Lethaeo
383 1759 495 1826 perfusa
506 1774 645 1826 papavera
657 1776 771 1814 somno:

142 1846 196 1900 Sed
209 1852 302 1899 tamen
315 1845 430 1899 alternis
441 1844 530 1898 laeilis
543 1845 628 1910 labor,
644 1847 721 1901 arida
732 1852 841 1900 tantum

142 1931 186 1986 Ne
199 1941 323 1986 saturare
335 1932 402 1984 fimo
414 1932 508 2000 pingui
521 1931 624 2000 pudeat
635 1933 701 2002 sela,
715 1951 785 1987 neve

142 2020 251 2074 Effetos
263 2021 383 2074 cinerem
395 2021 569 2074 immundum
581 2023 683 2074 laetare
695 2037 745 2089 per
756 2037 844 2088 agros

143 2107 188 2162 Sia
201 2125 311 2176 quoque
323 2109 438 2162 mutatis
450 2110 625 2178 requiescunt
636 2107 740 2160 fetibus
752 2103 825 2176 arva,

143 2194 203 2250 Nee
216 2197 292 2252 nulla
304 2197 411 2251 interea
422 2203 464 2251 est
475 2198 598 2251 inaratae
610 2195 700 2264 gratia
711 2202 810 2250 terrae.

143 2283 230 2352 Saepe
243 2286 326 2338 etiam
338 2285 438 2338 sterilis
450 2285 598 2338 incendere
611 2283 717 2352 prefuit
729 2301 811 2350 agros

143 2370 237 2440 Atque
250 2372 339 2425 levem
352 2372 481 2441 stipulam
495 2371 694 2440 crepitantibus
707 2387 787 2424 urere
800 2370 932 2427 flammis:

143 2458 207 2512 Sive
219 2459 287 2512 inde
299 2459 421 2513 oeeultas
434 2460 499 2512 viris
511 2465 539 2513 et
552 2458 653 2527 pabula
665 2463 756 2512 terrae

142 2544 261 2613 Pinguia
272 2546 448 2614 concipiunt3
469 2547 527 2600 sive
539 2546 594 2599 illis
606 2561 688 2598 omne
700 2561 750 2614 per
762 2545 854 2614 ignem

142 2631 314 2701 Exsequitur
326 2634 432 2698 vitium,
448 2638 530 2702 atque
543 2633 660 2687 exsudat
671 2633 779 2686 inutilis
792 2649 887 2701 umor3

143 2720 197 2772 Seu
209 2720 298 2788 pluris
311 2719 384 2773 calor
396 2720 443 2774 ille
456 2721 514 2774 vias
526 2725 555 2774 et
568 2737 648 2774 eaeea
660 2719 766 2773 relaxat

142 2806 327 2875 spiramenta,
341 2823 428 2860 novas
439 2807 533 2861 veniat
547 2825 600 2876 qna
613 2823 694 2860 sueus
706 2807 735 2860 in
748 2807 862 2875 herbas余

142 2896 197 2947 Seu
209 2894 293 2948 durat
304 2895 400 2962 megia,
415 2901 444 2947 et
456 2912 541 2948 venas
554 2895 682 2964 astringit
694 2893 804 2963 hiantis,

142 2978 184 3032 Ne
198 2985 297 3032 tenues
309 2979 427 3047 pluviae,
442 2980 566 3048 rapidive
578 2980 704 3048 potentia
717 2980 781 3032 solis

140 3067 252 3135 Aerior,
267 3072 315 3120 aut
327 3065 434 3120 Boreae
447 3067 617 3136 penetrabile
630 3068 715 3130 frigus
727 3068 833 3123 adurat.

141 3152 260 3208 Multum
272 3153 350 3222 adeo,
364 3155 461 3208 rastris
474 3154 585 3223 glaebas
598 3155 644 3223 qni
657 3155 760 3223 frangit
772 3156 870 3209 inertis

141 3239 342 3310 vimineasque
356 3241 443 3294 trahit
455 3241 543 3304 eratis,
558 3241 634 3294 iuvat
648 3257 727 3309 arva3
748 3259 837 3311 neque
849 3243 928 3296 illum

140 3326 225 3382 Flava
238 3329 323 3382 Ceres
337 3328 395 3382 alto
408 3327 572 3396 nequiquam
586 3335 693 3396 spectat
706 3328 852 3397 Olymp0余,

140 3412 176 3468 Et
188 3417 242 3485 qui,
257 3415 397 3485 proscisso
410 3431 478 3482 quae
491 3415 605 3469 suscitat
617 3432 734 3483 aequore
748 3421 832 3484 terga,

141 3499 244 3558 Rursus
256 3505 283 3557 in
299 3503 445 3571 obliquum
458 3519 538 3555 verso
552 3503 705 3573 perrumpit
718 3508 818 3570 tratre,
