2734 3936
486 187 624 238 VERGILI
647 186 777 238 ECLOGA
800 186 847 237 111.

152 351 184 403 ln
197 351 290 405 medio
303 351 359 403 dno
371 350 459 418 signa,
475 349 580 418 (louon,
595 349 720 416 et-quis
733 348 786 400 fuit
798 347 876 416 alter,

151 437 305 506 Descripsit
318 437 397 490 radio
410 441 500 489 totum
514 437 559 504 qui
572 435 701 504 gentibus
718 435 821 501 orbem,

152 525 289 593 Tempora
302 540 371 591 quae
384 539 498 591 messor,
513 539 582 591 quae
595 539 696 576 curvus
709 531 803 575 arator
815 521 945 574 habereti

153 611 278 666 Necdum
292 610 348 663 illis
359 609 438 664 labra
451 609 568 676 admovi,
584 609 632 664 sed
645 608 755 662 condita
768 624 856 661 servo.

153 699 232 752 ΒΑΜ.
252 697 289 750 Et
301 696 381 750 nobis
395 696 469 750 idem
482 695 645 749 Alcimedon
658 695 714 748 duo
727 694 826 763 pocula
838 694 915 762 fecit,

153 785 190 838 Et
204 784 279 838 molli
293 785 397 837 circum
410 787 453 837 est
465 799 545 837 aneas
557 783 699 852 amplexus
712 782 839 848 acantlm,

155 872 321 940 Orpheaque
332 872 363 924 in
375 871 468 924 medio
481 871 574 940 posuit
586 870 721 938 silvasque
734 868 881 937 sequentia.

133 971 137 979 “
155 958 282 1012 Necdum
295 959 350 1012 illis
362 958 442 1012 labra
453 957 572 1024 adanovi,
588 955 636 1010 sed
650 955 762 1010 condita
774 972 869 1024 servo;

156 1045 185 1098 Si
198 1045 233 1098 ad
247 1045 362 1098 vitulam
375 1050 491 1113 spectas,
505 1044 573 1099 nihil
587 1048 636 1111 est,
652 1042 726 1112 quod
738 1043 838 1112 pocula
849 1043 952 1098 laudes.

156 1131 231 1186 Mun.
251 1130 410 1200 Numquam
421 1131 505 1185 hodie
517 1131 647 1200 effugies;
670 1131 787 1196 veniam,
803 1146 976 1198 quocumque
989 1130 1104 1183 voceris.

156 1219 262 1272 Audiat
275 1219 343 1272 haec
353 1217 543 1272 tantum—vel
556 1218 602 1286 qui
616 1218 699 1284 venit,
716 1233 787 1284 eece,
802 1216 960 1270 Palaemon.
1142 1217 1177 1269 to

156 1305 288 1374 Efficiam,
302 1305 419 1373 posthac
431 1323 467 1358 ne
481 1322 641 1374 quemqnam
656 1321 723 1357 voce
735 1303 861 1358 lacesses.

157 1391 235 1446 ΒΑΜ.
255 1391 330 1457 Quin
343 1410 402 1461 age,
416 1394 439 1446 si
452 1393 517 1462 quid
529 1391 629 1458 hebes;
649 1391 678 1444 in
691 1407 735 1444 me
748 1406 827 1444 mora
839 1407 894 1444 non
904 1390 958 1444 erit
969 1389 1033 1459 ulla,

158 1478 216 1533 Nec
228 1497 395 1549 quemquam
407 1481 498 1548 fugio:
518 1483 635 1546 tantum,
651 1478 739 1532 vicine
751 1477 910 1542 Palaemon,

159 1566 288 1620 Sensibus
301 1567 370 1620 haec
383 1567 453 1634 imis,
468 1583 512 1620 res
524 1573 566 1620 est
579 1582 634 1618 uon
646 1582 740 1634 parva,
755 1581 879 1633 reponas.

159 1653 225 1707 ΡΑ1..
244 1654 346 1722 Dicite,
361 1653 583 1722 quandoquidem
596 1653 626 1706 in
638 1652 715 1706 molli
727 1651 900 1705 consedimus
912 1653 1007 1706 herba.
1142 1653 1176 1704 ut

158 1739 194 1792 Et
206 1756 279 1794 nunc
292 1742 382 1794 omnis
394 1757 466 1808 ager,
481 1757 553 1794 nunc
567 1739 655 1793 omnis
666 1739 787 1807 parturit
799 1739 887 1806 arbos,

159 1826 239 1881 Nunc
251 1826 383 1880 frondent
395 1827 494 1894 silvae,
514 1843 588 1880 nunc
601 1826 816 1880 formosissimus
829 1842 925 1881 annue.

158 1914 260 1982 Incipe,
275 1915 426 1981 Damoeta;
446 1921 477 1968 tu
491 1914 589 1968 deinde
602 1930 723 1982 sequere,
737 1912 868 1967 Menalca.

159 2001 282 2056 Alternis
295 2001 393 2055 dicetis
402 2021 413 2068 ς,
429 2006 522 2055 amant
535 2001 642 2054 alterna
655 2000 800 2054 (inmense.

193 2087 270 2142 ΒΑΜ.
292 2089 338 2142 Ab
351 2087 418 2142 Iove
430 2089 604 2158 principium,
618 2087 729 2146 Musae:
750 2088 825 2141 Iovis
837 2089 930 2143 omnia
941 2089 1038 2158 plena,
1143 2091 1176 2141 60

157 2175 208 2228 Ille
220 2175 286 2228 colit
299 2181 401 2241 terras3
422 2175 463 2228 illi
476 2192 537 2229 mea
550 2176 673 2230 carmina
685 2191 775 2229 curae.

192 2261 268 2315 Mun.
288 2262 325 2314 Et
338 2279 382 2316 me
395 2261 523 2316 Phoebus
536 2267 626 2326 amet;
647 2262 762 2316 Phoebo
776 2279 825 2316 sna
838 2279 946 2333 semper
958 2263 1031 2332 apud
1044 2281 1097 2318 me·

157 2348 273 2402 Munera
285 2357 357 2413 sunt,
372 2349 441 2403 lauri
455 2353 483 2408 et
495 2366 578 2402 suave
591 2351 693 2403 rubens
705 2350 880 2417 hyacinthus.

192 2434 269 2490 ΒΑΜ.
289 2436 363 2489 Malo
376 2454 420 2489 me
433 2436 546 2490 Galatea
559 2437 637 2505 petit,
652 2437 756 2491 lasciva
769 2438 868 2506 puella,

157 2521 194 2580 Et
205 2523 278 2590 fugit
291 2523 326 2576 ad
338 2523 442 2591 salices,
457 2530 484 2576 et
497 2540 527 2577 se
539 2524 615 2593 cupit
628 2535 692 2579 ante
705 2526 802 2580 videri.
1142 2526 1175 2578 65

191 2609 268 2663 Mun.
289 2611 330 2662 At
343 2610 410 2662 mihi
423 2627 480 2664 sese
494 2611 576 2666 offert
589 2611 671 2680 ultro,
685 2629 763 2666 meus
775 2612 853 2682 ignis,
869 2612 1015 2681 Amyntas,

156 2695 257 2749 Notior
271 2701 301 2749 ut
313 2697 368 2750 iam
382 2697 417 2750 sit
429 2697 543 2751 canibus
555 2714 611 2751 non
625 2698 707 2753 Delia
719 2699 829 2753 nostrie.

191 2783 269 2837 ΒΑΜ.
289 2783 374 2838 Perta
384 2800 462 2838 meae
474 2784 579 2838 Veneri
592 2791 657 2839 sunt
668 2802 799 2840 munera:
820 2802 938 2855 namque
949 2787 1044 2840 notavi

155 2870 219 2939 lpse
231 2870 329 2938 locum,
344 2871 435 2924 aeriae
447 2888 501 2940 quo
515 2889 677 2941 congessere
689 2873 840 2941 palumbes.

191 2957 268 3012 ΜΜΜ.
288 2958 370 3023 Quod
382 2959 469 3026 potui,
484 2976 571 3028 puero
585 2959 704 3013 silvestri
717 2977 751 3024 ex
764 2960 863 3013 arbore
874 2961 947 3014 lecta
1141 2958 1175 3015 ’10

155 3046 251 3102 Aurea
262 3045 335 3098 mala
347 3045 442 3098 decem
454 3046 518 3099 misi
528 3065 535 3113 ς
556 3063 616 3100 crae
629 3046 716 3100 altera
727 3045 846 3101 mittam.

189 3131 269 3184 ΒΑΜ.
291 3131 314 3184 0
328 3132 456 3200 quotiens
468 3138 496 3186 et
509 3149 578 3202 quae
591 3133 673 3187 nobis
686 3133 801 3187 Galatea
813 3134 906 3187 locuta
919 3135 975 3187 esti

155 3219 267 3272 Partem
281 3219 408 3287 aliquam,
425 3220 508 3286 venti,
524 3219 618 3276 divom
632 3221 759 3274 referatis
772 3220 807 3274 ad
819 3221 907 3274 aunis!

189 3305 267 3359 Mau.
288 3305 360 3370 Quid
373 3306 495 3375 prodest,
510 3306 583 3374 quod
596 3323 640 3360 me
652 3307 711 3374 ipse
724 3308 816 3360 animo
828 3324 885 3361 non
899 3307 1013 3375 spernis,
1028 3307 1161 3375 Amynta,

153 3392 190 3454 si,
205 3392 272 3445 dum
286 3397 316 3445 tu
330 3393 443 3446 sectaris
455 3409 544 3460 apros,
560 3410 611 3461 ego
624 3393 694 3446 retia
706 3394 804 3446 servoi
1140 3395 1173 3451 15

188 3478 268 3532 ΒΑΜ.
289 3478 417 3546 Phyllida
429 3479 509 3531 mitte
523 3479 604 3532 mihi:
628 3496 703 3532 meus
716 3485 757 3530 est
770 3479 877 3544 natalis,
893 3478 962 3532 Iolla
972 3464 988 3547 ;¹
