2706 3938
458 222 597 274 vulturni
620 223 785 274 anuulnos
808 223 853 275 Vl.

147 382 203 439 Nec
216 399 285 437 vero
298 382 351 437 has
364 383 424 437 sine
436 389 510 438 sorte
523 384 613 452 datae,
628 386 685 438 sino
700 385 799 451 ludios,
816 385 913 442 sedes:

145 471 295 537 Quaesitor
308 468 401 524 Minos
414 487 510 524 urnam
525 479 632 538 movet3
654 472 701 526 ille
715 471 844 526 silentum

145 556 356 624 Oonoiliumque
369 563 452 612 voout
465 559 589 627 vitasque
602 564 631 612 et
643 559 760 613 erimina
772 559 860 614 diseit.

144 645 279 699 Proxima
293 642 395 697 deinde
407 650 504 700 tenent
516 646 614 700 maesti
626 645 695 712 locu,
711 649 758 715 qui
771 646 822 700 sibi
834 646 921 702 letum

144 733 275 787 lnsontes
289 748 423 800 peperere
435 749 527 798 manu,
541 733 684 802 luoemque
697 735 789 802 perosi

145 819 292 874 Proieeere
306 822 421 875 animas.
459 819 547 884 Quam
562 820 665 874 vellent
679 821 791 876 aethere
804 823 834 876 in
846 823 902 876 ulto

145 905 226 962 Nune
238 914 268 963 et
282 911 443 979 pauperiem
457 912 486 962 et
498 907 583 962 duros
595 909 720 976 perferre
734 909 855 964 laboresl

144 993 197 1050 Fas
209 997 314 1066 obstat,
332 997 459 1066 tristique
471 995 552 1064 palus
565 995 720 1050 inamabilis
733 996 808 1051 unda

146 1083 261 1152 alligat,
276 1091 305 1138 et
318 1084 434 1138 noviens
447 1083 517 1150 Styx
531 1083 667 1136 interfusa
679 1090 796 1138 ooeroet.

145 1169 206 1224 Neo
217 1171 317 1240 prooul
329 1172 393 1225 hino
405 1175 512 1238 partem
525 1169 578 1222 fusi
592 1179 783 1224 monstrantur
795 1171 823 1224 in
838 1187 947 1226 ornnem

145 1257 286 1325 Lugentos
298 1259 400 1328 oampi:
421 1259 460 1311 sio
471 1257 535 1311 illos
548 1257 660 1311 nomino
675 1257 778 1312 dieunt.

145 1345 207 1414 Hie,
222 1363 292 1414 quos
304 1346 389 1399 durus
401 1362 478 1399 amor
491 1345 598 1399 erudeli
610 1345 675 1400 tabe
687 1345 804 1412 peredit.

146 1433 251 1488 Seoreti
265 1433 357 1487 celant
369 1433 451 1488 ealles
464 1439 493 1486 et
504 1442 614 1500 myrtea
627 1433 730 1486 oireuur

145 1521 223 1575 Silva
234 1522 319 1589 tegit3
340 1537 422 1574 ourae
435 1538 490 1574 nou
503 1523 563 1589 ipsa
575 1521 604 1573 in
618 1525 708 1572 morte
722 1519 890 1588 relinquunt.

145 1608 198 1661 His
209 1608 363 1662 Phaedram
377 1607 556 1675 Procrimque
568 1606 643 1673 loeis,
660 1609 848 1675 maestamque
862 1607 1021 1680 Eriphylen,

144 1695 274 1749 Crudelis
286 1696 344 1748 nati
356 1701 555 1749 monstrantem
568 1695 691 1760 volnera,
707 1695 805 1762 cernit,

143 1782 353 1851 Euhadnenque
366 1797 395 1836 er
406 1783 576 1851 Pasiphaam
597 1783 640 1836 his
652 1783 803 1839 Laodamia
863 1827 865 1832 .

144 1871 171 1924 lt
185 1887 286 1938 eomes,
301 1877 329 1924 et
340 1870 448 1924 iuvenis
460 1871 606 1939 quondam,
622 1889 696 1926 nuno
710 1873 821 1940 femina,
840 1875 971 1940 Caeneus,

144 1960 252 2012 Rursus
264 1963 292 2012 et
304 1959 333 2011 in
346 1962 469 2012 veterem
481 1959 543 2014 fato
555 1960 681 2015 revoluta
694 1962 819 2030 figuram.

144 2048 223 2101 Inter
238 2063 305 2116 quas
317 2046 468 2101 Phoenissa
479 2063 575 2101 reeens
587 2065 603 2102 a
616 2049 727 2103 volnere
741 2049 812 2102 Dido

144 2135 265 2189 Errabat
277 2134 346 2188 silva
358 2135 387 2186 in
400 2151 515 2202 magna:
537 2151 618 2202 quam
632 2135 730 2190 Troius
743 2136 824 2190 heros

147 2221 184 2276 Ut
197 2223 317 2290 primum
330 2222 409 2275 iuxta
421 2221 498 2276 stetit
511 2223 678 2290 agnovitque
692 2241 742 2291 per
756 2225 883 2279 umbram

144 2310 310 2377 Obscuram,
325 2308 432 2377 qualem
446 2309 535 2377 primo
549 2311 596 2376 qui
609 2326 719 2377 surgere
731 2327 826 2366 menso

143 2397 205 2450 Aut
220 2396 295 2450 videt
308 2402 355 2450 aut
370 2396 469 2450 vidisse
482 2401 562 2463 putat
574 2414 623 2464 per
637 2398 732 2452 nubila
743 2399 856 2467 Lunam,

143 2484 266 2537 Demisit
278 2483 413 2550 laesimus,
427 2483 554 2552 dulcique
569 2483 681 2538 adiutus
693 2503 787 2540 umore
801 2491 860 2540 est:

145 2572 161 2600 ‘²
174 2571 277 2624 Infelix
290 2570 370 2636 Dido,
382 2588 464 2624 verus
475 2571 544 2624 milri
558 2573 671 2626 nuntius
684 2591 749 2642 ergo

143 2658 272 2712 Venerat
285 2658 458 2724 exstinetam,
473 2659 604 2727 ferroque
619 2666 744 2716 extrema
758 2661 900 2716 eeoutarnl

144 2746 264 2801 Funeris
276 2746 330 2798 heu
343 2745 392 2798 tibi
405 2760 488 2798 eausa
500 2745 560 2802 fuit
599 2747 653 2801 Per
665 2748 756 2802 sidera
767 2748 836 2816 iuro,
938 2783 948 2800 .

144 2835 200 2888 Per
212 2848 326 2900 superos
338 2834 366 2884 et
379 2830 402 2884 si
415 2847 469 2899 qua
480 2831 549 2886 fides
562 2834 661 2888 tellure
673 2835 723 2888 suh
736 2836 792 2889 ima
804 2842 853 2902 est,

144 2922 263 2986 Inritus,
279 2919 382 2987 regina.
396 2922 446 2973 tuo
460 2919 494 2972 de
507 2921 589 2976 litore
602 2922 678 2976 eessi.

144 3009 200 3063 Sed
212 3025 257 3061 me
270 3009 344 3061 iussa
355 3007 447 3076 deum,
464 3027 532 3078 quae
546 3028 619 3064 nuno
632 3011 683 3065 has
695 3011 735 3065 ire
749 3028 797 3080 per
810 3011 928 3078 umbras,

144 3096 199 3150 Per
210 3097 273 3150 loea
286 3101 365 3150 senta
378 3097 433 3152 situ
448 3106 552 3164 cogunt
566 3105 730 3166 noctemque
743 3097 917 3166 profundum,

144 3184 273 3253 imperiis
286 3203 366 3255 egere
379 3187 453 3242 suis:
475 3203 525 3240 nee
539 3185 652 3240 eredere
668 3185 743 3253 quivi

146 3272 227 3327 Hune
239 3279 349 3328 tantum
363 3276 414 3329 tibi
429 3292 474 3328 rne
486 3273 606 3326 discessu
620 3273 691 3325 ferre
704 3271 836 3326 dolorem.

145 3359 218 3414 Siste
231 3363 355 3432 gradum,
370 3373 454 3431 taque
467 3366 577 3428 aspectu
592 3375 628 3412 ne
640 3359 772 3413 subtrahe
785 3364 888 3412 nostro.
1113 3361 1164 3412 465

146 3447 233 3511 Quem
247 3450 341 3518 fugiat
361 3455 517 3503 extremum
530 3447 596 3511 fato,
611 3446 685 3513 quod
697 3451 726 3498 te
739 3446 880 3514 adloquor,
894 3445 946 3498 hoe
963 3445 1031 3518 suist

147 3529 255 3590 Talibus
268 3537 380 3589 Aeneas
392 3534 533 3587 ardentem
549 3544 576 3585 et
589 3537 669 3586 torva
681 3538 806 3586 tuentem
