2734 3936
558 241 696 291 vanem
719 239 849 290 ECLOGA
868 238 914 290 vl.

227 401 311 458 Addit
324 419 352 456 se
365 402 467 457 sociam
479 402 637 472 timidisque
650 402 809 472 supervenit
822 400 917 470 Aegle,

224 490 319 558 Aegle,
334 489 472 543 Naiadum
484 490 676 558 pulcherrima,
692 489 801 557 iamque
813 488 919 542 videnti

224 575 386 644 sanguineis
397 578 519 630 frontem
532 577 618 630 moris
630 581 659 630 et
671 582 796 644 tempora
808 575 905 643 pingit.

224 663 272 716 llle
285 663 379 716 dolum
399 663 493 716 ridens
511 661 599 727 “Quo
613 663 723 716 vincula
735 662 861 716 nectitisl
871 661 887 690 ”
901 661 999 730 inquit.

225 750 357 803 “Solvite
369 766 422 819 me,
436 751 529 818 pueri;
551 751 617 803 satis
630 755 671 803 est
683 750 805 816 potuisse
818 748 913 802 videri.

224 836 360 904 Carmina,
376 853 445 904 quae
458 836 547 904 voltis,
563 837 737 905 cognoscite;
757 835 879 889 earmina
890 835 977 901 vobis,

223 923 295 977 Huic
308 923 382 977 aliud
395 923 529 976 mercedis
541 923 620 976 erit.”
657 923 742 976 Simul
756 922 855 991 incipit
866 923 932 991 ipse.

223 1009 291 1062 Tum
305 1027 372 1063 vero
384 1010 413 1062 in
425 1026 572 1063 numerum
585 1009 747 1078 Faunosque
759 1010 884 1078 ferasque
898 1009 1007 1062 videres

222 1096 338 1165 Ludere,
352 1102 413 1151 turn
425 1097 528 1165 rigidas
541 1102 646 1150 motare
659 1096 802 1150 cacumina
814 1113 946 1165 quercue;

223 1185 282 1239 Nec
294 1191 402 1239 tantum
416 1184 531 1239 Phoebo
543 1183 646 1254 gaudet
658 1183 791 1238 Parnasia
803 1200 893 1252 rupes,

222 1271 282 1326 Nec
295 1277 403 1326 tantum
416 1271 554 1340 Rhodope
566 1271 682 1324 miratur
694 1277 722 1324 et
734 1271 854 1324 Ismarus
867 1270 987 1340 Orphea.

258 1358 383 1427 Namque
396 1359 520 1423 canebat,
535 1359 576 1411 nti
589 1374 719 1426 magnum
731 1373 782 1428 per
793 1358 984 1411 inane.coacta

223 1445 334 1499 Semina
346 1450 537 1513 terrarumque
550 1445 711 1513 animaeque
727 1445 866 1512 marisque
878 1445 995 1498 fuissent

223 1531 258 1584 Et
269 1531 364 1600 liquidi
377 1531 458 1584 simul
470 1532 557 1600 ignis3
578 1540 609 1584 ut
621 1531 663 1583 his
676 1531 788 1584 exordia
800 1531 896 1601 primis

222 1617 323 1671 Omnia
335 1623 364 1672 et
375 1619 435 1685 ipse
446 1624 525 1672 tener
537 1617 633 1670 mundi
646 1617 817 1671 concreverit
829 1617 918 1685 orbis,

222 1703 291 1758 Tum
304 1704 404 1758 durare
417 1705 505 1758 solum
518 1710 546 1758 et
559 1704 712 1757 discludere
726 1703 817 1758 Nerea
830 1709 917 1771 ponto

223 1791 353 1860 Coeperit
365 1798 393 1846 et
405 1809 497 1845 rerum
511 1792 642 1861 paulatim
655 1808 762 1845 sumere
775 1792 894 1860 formas,

221 1878 334 1948 Iamque
346 1896 449 1934 novum
462 1885 552 1934 terrae
565 1885 693 1948 stupeant
704 1880 842 1933 lucescere
855 1879 941 1934 solem

222 1965 322 2034 Altius,
337 1973 420 2035 atque
432 1967 531 2021 cadant
543 1967 678 2020 submotis
691 1967 809 2021 nubibus
821 1967 938 2030 imbres:

221 2052 360 2121 Incipient
372 2054 458 2108 silvae
471 2071 532 2108 eum
545 2054 665 2123 primum
679 2071 797 2123 surgere,
812 2071 928 2124 eumque
1028 2087 1036 2116 ι,

221 2139 294 2194 Rara
307 2158 356 2211 per
368 2142 479 2210 ignaros
491 2148 585 2195 errent
598 2142 727 2196 animalia
738 2142 847 2196 montis.
887 2134 891 2143 ’

223 2227 293 2280 Hinc
306 2227 411 2296 lapides
423 2228 547 2295 Pyrrhae
558 2229 654 2292 iactos,
669 2228 798 2282 Saturnia
810 2245 902 2296 regna,

222 2313 421 2384 Caucasiasque
432 2316 518 2370 refert
529 2316 654 2370 volueres
666 2317 825 2385 furtumque
837 2315 1006 2370 Promethei.

222 2401 273 2454 His
286 2402 417 2472 adiungit,
432 2403 524 2470 Hylan
536 2409 637 2457 nautae
650 2420 704 2472 quo
717 2404 794 2457 fonte
806 2403 931 2456 relictum

222 2489 402 2558 Clamassent,
418 2496 449 2544 ut
466 2493 531 2545 litus
551 2491 567 2519 “
577 2490 656 2558 Hyla,
672 2491 745 2558 Hyla
756 2491 772 2518 ‘³
786 2507 867 2544 omne
880 2495 1005 2554 sonaret,

220 2575 257 2629 Et
270 2578 444 2644 fortunatam,
460 2577 483 2629 si
495 2593 644 2645 numquam
659 2581 784 2631 armenta
795 2577 919 2646 fuissent,

220 2663 375 2732 Pasiphaen
386 2663 459 2717 nivei
473 2663 577 2718 solatur
589 2681 683 2717 amore
695 2664 812 2718 invenci.

221 2751 275 2818 Ab,
291 2752 367 2820 virgo
379 2751 483 2819 infelix,
499 2768 568 2819 quae
581 2757 609 2805 te
623 2752 761 2805 dementia
773 2752 860 2820 cepitl

220 2837 363 2891 Proetides
375 2838 526 2907 implerunt
538 2839 612 2892 falsis
625 2840 775 2906 mugitibus
788 2856 883 2907 agros:

221 2925 259 2978 At
272 2942 327 2979 non
340 2931 397 2978 tam
410 2926 499 2994 turpis
511 2927 646 2994 pecudum
660 2931 754 2980 tamen
766 2926 823 2979 ulla
834 2931 928 2979 secuta
939 2930 982 2979 est

220 3013 396 3081 Concubitus,
412 3015 536 3081 quamvis
549 3014 619 3068 collo
632 3014 769 3068 timuisset
781 3019 903 3067 aratrum

219 3099 256 3153 Et
268 3117 347 3168 saepe
359 3101 388 3152 in
401 3100 456 3153 levi
470 3101 618 3168 quaesisset
630 3117 734 3154 cernua
745 3102 848 3154 fronte.

219 3186 273 3255 Ah,
289 3189 366 3253 virgo
378 3187 482 3256 infelix,
497 3193 528 3240 tu
542 3190 654 3241 nuncin
668 3188 809 3241 montibus
821 3203 910 3240 erras:

218 3273 276 3343 Ille,
290 3274 363 3328 latus
375 3275 484 3327 niveum
499 3275 573 3328 molli
587 3275 672 3328 fultus
683 3275 843 3342 hyacintho,

219 3360 282 3414 llice
295 3361 345 3414 sub
358 3362 437 3429 nigra
450 3360 577 3428 pallentis
589 3362 710 3415 ruminat
722 3361 830 3428 herbae,

218 3446 277 3500 Aut
290 3447 407 3515 aliquam
421 3446 450 3499 in
462 3463 564 3514 magno
576 3448 698 3516 sequitur
711 3463 801 3515 grege.
836 3447 852 3475 “
861 3444 995 3514 Claudite,
1007 3445 1164 3516 Nymphae,
1203 3451 1240 3504 55

217 3533 347 3588 Dictaeae
360 3531 514 3602 Nymphae,
529 3549 672 3586 nemorum
686 3535 740 3586 iam
752 3531 870 3586 claudite
882 3531 974 3598 saltus,
