2730 3936
482 243 621 294 vnaoitt
643 243 806 294 nunninus
828 243 862 294 ΙΙ.
892 268 894 274 ¹

157 409 194 464 Et
205 414 365 464 monstrum
376 407 474 462 infelix
486 411 593 461 sacrata
604 406 725 460 sistimus
737 421 809 460 arce.

158 497 236 550 Tunc
250 493 333 550 etiam
346 495 413 549 fatis
426 495 513 564 aperit
527 493 681 548 (lassandra
692 493 793 546 futuris

159 583 225 651 Ora,
239 583 285 637 dei
296 584 373 636 iussu
387 599 442 636 non
455 597 586 650 umquam
598 581 704 634 credita
716 580 835 636 Teucris.

159 670 220 724 Nos
232 670 348 724 delubra
361 669 442 724 deum
455 669 555 738 miseri,
571 669 670 737 quibus
683 668 795 722 ultimus
808 675 879 722 esset

159 757 211 811 Ille
223 757 290 824 dies,
305 757 375 810 festa
387 756 510 810 velamus
519 755 620 808 fronde
634 771 682 823 per
695 755 798 824 urbem.

125 830 162 924 lp(
196 843 327 898 Vertitur
339 844 446 897 interea
458 842 564 896 caelum
576 847 605 896 et
617 843 674 896 ruit
687 858 791 900 oceano
804 843 830 895 N
832 861 876 907 ox,

159 930 311 984 Involvens
324 931 422 983 umbra
435 945 534 998 magna
545 935 701 998 terramque
714 929 862 998 polumque

159 1019 422 1086 Myrmidonumque
434 1017 529 1084 dolos,
549 1017 602 1070 iusi
616 1033 666 1086 per
676 1019 788 1071 moenia
800 1018 897 1072 Teucri

159 1106 346 1172 Conticuere,
367 1121 450 1173 sopor
462 1105 551 1158 fessos
563 1105 756 1173 complectitur
769 1109 853 1159 artus.

158 1195 197 1248 Et
209 1195 267 1247 iam
279 1192 384 1260 Argiva
396 1191 516 1260 phalanx
529 1193 671 1245 instructis
683 1192 800 1246 navibus
812 1193 872 1246 ibat

159 1281 188 1334 A
201 1280 321 1348 Tenedo,
335 1279 436 1332 tacitae
449 1295 498 1347 per
510 1279 598 1333 amica
610 1280 718 1333 silentia
730 1279 811 1334 lunae

159 1369 259 1422 Litora
270 1372 338 1421 nota
349 1373 452 1435 petens,
466 1365 590 1420 flammas
603 1383 664 1419 cnm
677 1367 753 1435 regia
765 1369 864 1437 puppis

158 1455 315 1521 Extulcrat,
329 1454 446 1522 fatisque
458 1453 539 1508 deum
552 1454 683 1507 defensus
693 1455 795 1523 iniquis

159 1543 287 1597 Inclusos
300 1547 380 1594 utero
393 1541 504 1594 Danaos
516 1547 545 1594 et
556 1542 638 1609 pinea
651 1542 745 1595 furtim

159 1632 251 1685 Laxat
262 1631 381 1684 claustra
395 1629 488 1683 Sinon.
526 1629 593 1683 Illos
605 1630 759 1698 patelactus
772 1631 807 1684 ad
820 1649 900 1685 auras

159 1717 266 1772 Reddit
278 1733 371 1786 equus,
382 1717 502 1785 laetique
515 1733 583 1770 cavo
596 1733 624 1770 se
637 1718 738 1771 robore
749 1723 881 1786 promunt

159 1805 351 1860 Thessandrus
364 1804 564 1873 Sthenelnsque
577 1805 661 1858 duces
673 1811 702 1858 et
714 1805 788 1857 dirus
803 1805 905 1872 Ulixes,

159 1895 318 1948 Demissum
333 1895 403 1964 lapsi
416 1913 467 1964 per
478 1897 581 1959 funem,
597 1897 775 1963 Acamasque,
790 1893 941 1963 Thoasque,

159 1981 323 2050 Pelidesque
337 1981 542 2051 Neoptolemus,
557 1983 716 2051 primusque
728 1982 873 2050 Machaon,

159 2068 199 2122 Et
211 2068 361 2136 Menelaus,
376 2077 404 2123 et
416 2070 474 2138 ipse
487 2069 544 2123 doli
556 2070 704 2124 fabricator
715 2070 816 2139 Epeos.

159 2159 303 2212 Invadunt
316 2160 410 2214 urbem
424 2177 521 2214 somno
534 2161 653 2229 vinoque
665 2159 817 2228 sepultam3

160 2246 325 2300 Caeduntur
337 2246 440 2315 vigiles,
456 2248 597 2316 portisque
610 2248 771 2316 patentibus
784 2248 873 2300 omnis

159 2333 313 2402 Accipiunt
323 2335 413 2388 socios
425 2339 507 2402 atque
520 2335 628 2402 agmina
641 2334 751 2388 conscia
763 2335 888 2401 iungunt.

197 2420 318 2489 Tempus
330 2426 397 2490 crat,
413 2439 469 2490 quo
480 2422 570 2490 prima
582 2422 658 2490 quies
670 2420 833 2475 mortalibus
846 2420 934 2487 aegris

158 2507 265 2576 Incipit
278 2512 306 2561 et
318 2507 392 2561 dono
404 2508 496 2561 divom
510 2509 664 2576 gratissima
676 2510 769 2577 serpit.

159 2594 192 2647 In
207 2595 320 2663 somnis,
335 2611 406 2659 ecce,
422 2596 591 2650 anteoculos
603 2596 800 2649 maestissimus
812 2593 918 2647 Hector

159 2681 247 2734 Visus
259 2681 354 2735 adesse
364 2682 442 2749 mihi,
456 2682 600 2752 largosque
613 2682 754 2736 effundere
766 2681 862 2746 fletus3

159 2769 300 2837 Raptatus
313 2769 390 2837 bigis,
405 2770 594 2838 utquondam,
609 2775 722 2838 aterque
735 2775 849 2822 cruento

159 2855 289 2925 Pulvere,
305 2873 408 2925 perque
420 2856 504 2925 pedes
517 2857 649 2910 traiectus
661 2855 721 2909 lora
733 2856 872 2908 tumentis.
963 2882 967 2908 t

158 2943 193 2996 Ei
207 2943 284 3011 mihi,
301 2943 388 3011 qualia
401 2944 475 2996 erati
498 2949 630 3012 quantum
643 2948 765 2996 mutatus
778 2943 872 2996 abillo
965 2977 968 2982 -

160 3031 290 3098 Hectore,
306 3032 352 3099 qui
366 3030 438 3084 redit
451 3031 563 3085 exuvias
573 3031 688 3084 indutus
700 3030 810 3096 Achilli,

160 3117 215 3171 Vel
228 3117 357 3172 Danaum
370 3117 506 3185 Phrygios
517 3117 651 3171 iaculatus
663 3118 802 3186 puppibus
814 3118 900 3185 ignisl
958 3147 961 3154 ι

158 3204 337 3272 Squalentem
351 3205 465 3258 barbam
473 3209 506 3258 et
518 3211 661 3259 concretos
673 3204 804 3272 sanguine
817 3204 901 3258 crinis

159 3291 340 3360 Volneraque
352 3291 400 3345 illa
411 3307 516 3360 gerens,
531 3307 600 3360 quae
613 3292 716 3344 circum
729 3292 847 3359 plurima
860 3307 953 3344 muros

140 3373 144 3382 '
159 3380 278 3447 Accepit
291 3380 404 3447 patrios.
443 3378 524 3432 Ultro
536 3379 604 3432 flens
617 3379 675 3447 ipse
688 3379 803 3432 videbar

159 3465 336 3534 Compellare
348 3466 442 3519 virum
452 3469 481 3518 et
493 3471 611 3519 maestas
624 3481 785 3532 expromere
801 3482 896 3519 voces:
1000 3497 1001 3504 κ

161 3553 210 3606 “O
223 3553 273 3606 lux
287 3551 450 3620 Dardaniae,
465 3568 528 3620 spes
540 3569 557 3605 o
569 3551 701 3605 fidissima
714 3551 859 3621 Teucrum,
