2656 3940
416 219 554 270 VERGILI
577 220 743 272 ethninos
766 220 810 272 Xl.

101 379 240 435 Infantem
254 381 364 450 fugiens
378 381 467 435 media
480 383 553 436 inter
566 382 671 451 proclia
683 382 749 436 belli

101 469 219 522 Sustulit
232 468 330 522 exsilio
343 469 482 538 comitem,
499 470 648 539 rostrisque
662 471 772 524 vocavit

100 555 127 608 N
128 557 223 610 omine
236 556 389 622 Casmillae,
404 562 510 610 mutata
521 565 609 625 parte,
624 556 777 612 Oamillam.

99 643 165 713 Ipse
177 645 240 697 sinu
251 660 318 711 prae
330 659 359 696 se
373 649 487 712 perteue
499 643 563 712 iuga
574 644 657 712 longa
668 645 780 712 petebat

99 731 230 786 Solorum
244 746 404 798 nemorum3
425 731 481 785 tela
494 731 614 800 undique
627 747 709 786 saeva
720 733 892 800 premebant,

98 819 137 873 Et
150 819 319 873 circumfuso
331 819 485 873 volitabant
499 818 586 872 milite
600 817 704 874 Volsci.

98 907 182 975 Ecce,
196 907 277 974 fugae
290 905 388 968 medio.
403 907 517 960 summis
531 905 687 960 Amasenus
699 906 842 962 abundans

99 994 255 1063 Spumabat
267 994 350 1061 ripis:
370 999 466 1047 tantus
481 1010 510 1046 sc
523 993 643 1047 nubibus
654 993 742 1048 imber
838 985 843 996 '

99 1081 236 1149 Ruperat.
273 1079 329 1149 Ille,
344 1081 441 1136 innare
457 1097 565 1150 parans,
584 1080 699 1134 infantis
712 1097 805 1134 amore

98 1168 247 1236 Tarenton,
262 1184 380 1237 caroque
393 1170 469 1224 oneri
483 1170 572 1224 timet.
611 1168 712 1222 Omnia
723 1185 814 1222 secum

99 1256 234 1310 Versanti
247 1256 339 1310 subito
352 1257 398 1310 vix
411 1257 481 1312 haec
493 1258 632 1312 sententia
643 1257 729 1312 sedit:

98 1343 198 1398 Telum
211 1344 331 1397 immane
345 1361 427 1398 manu
442 1345 532 1400 valida
549 1345 621 1415 quod
634 1346 708 1398 lorte
720 1345 835 1412 gerebat

99 1431 234 1496 Bellator‚
250 1431 367 1486 solidum
380 1433 460 1486 nodis
473 1440 501 1487 ct
515 1434 614 1488 robore
627 1438 715 1500 cocto,

99 1518 174 1571 Huic
186 1523 281 1571 natam
293 1519 365 1572 libro
378 1525 406 1573 et
418 1520 538 1576 silvestri
553 1521 651 1574 subere
664 1519 791 1586 clausam,

100 1602 237 1671 Implicat,
253 1608 334 1672 atque
346 1603 466 1658 hahilem
480 1605 588 1660 mediae
603 1605 774 1672 circumligat
787 1603 882 1658 hastae
893 1623 900 1671 ;

101 1689 191 1756 Quam
204 1689 304 1744 dextra
315 1691 422 1760 ingenti
435 1692 539 1747 librans
553 1693 593 1747 ita
605 1693 640 1746 ad
652 1692 766 1748 aethera
778 1692 867 1746 fatur:

101 1779 118 1806 “
127 1777 220 1844 Alma,
235 1777 286 1830 tibi
300 1777 379 1846 hanc,
394 1794 538 1834 nemorum
553 1780 662 1847 cultrix,
678 1779 796 1833 Latonia
809 1779 895 1847 virge,

100 1864 163 1933 lpse
176 1870 258 1933 pater
270 1865 398 1919 famulam
412 1883 517 1922 voveo:
538 1875 587 1922 tua
600 1869 691 1937 prima
702 1885 753 1937 per
764 1886 845 1924 aurae

99 1951 166 2005 Tela
177 1957 279 2005 tenens
291 1953 406 2022 supplex
418 1953 527 2008 hostem
539 1956 619 2024 fugit.
657 1957 769 2025 Accipe,
784 1963 880 2024 testor,

100 2038 181 2106 Diva,
196 2044 283 2106 tuam,
301 2056 370 2107 quae
381 2056 455 2095 nnnc
468 2041 559 2096 dubiis
574 2044 756 2098 committitur
770 2044 872 2098 auris.”

102 2126 189 2190 Dixit,
207 2133 235 2179 et
248 2126 366 2180 adducto
380 2134 538 2183 contortum
552 2129 652 2184 hastile
665 2131 769 2186 lacerto

99 2213 250 2267 immittit:
272 2230 389 2268 sonuere
401 2215 506 2284 undee3
529 2218 655 2285 rapidum
668 2237 750 2289 super
764 2238 874 2274 amnem

99 2300 203 2354 Infelix
217 2301 290 2368 fugit
302 2301 332 2354 in
344 2302 433 2356 iaculo
446 2304 580 2358 stridente
595 2305 719 2362 Camilla.

99 2390 140 2442 At
152 2388 291 2456 Metabus,
306 2405 404 2457 magna
416 2392 529 2460 propius
544 2393 599 2446 iam
614 2401 730 2464 urgente
743 2403 862 2462 caterva,

99 2475 156 2530 Dat
169 2492 230 2529 sese
242 2474 335 2543 fluvio,
353 2483 435 2546 atque
447 2478 554 2534 hastam
571 2497 632 2534 cum
646 2483 754 2550 virgine
767 2484 856 2537 victor

99 2563 255 2617 Gramineo
268 2561 369 2616 donum
385 2564 493 2619 Triviae
507 2566 542 2621 de
556 2569 676 2638 caespite
688 2570 774 2623 vellit.

99 2649 163 2703 Nou
177 2649 259 2702 illum
271 2650 351 2703 tectis
364 2650 443 2720 ullae,
459 2669 514 2706 non
528 2657 674 2710 moenibus
687 2657 769 2712 urbes

100 2737 253 2806 Accepere,
268 2755 356 2806 neque
369 2739 428 2808 ipse
441 2757 538 2795 manus
551 2743 664 2798 feritate
676 2744 813 2800 dodisset:

98 2824 248 2878 Pastorum
261 2831 290 2878 et
302 2825 366 2878 solis
379 2828 471 2894 exegit
484 2830 625 2884 montibus
638 2847 745 2886 aevum.

100 2911 153 2965 Hic
166 2917 263 2965 natam
276 2913 305 2964 in
317 2913 408 2967 dumis
420 2914 547 2986 interque
562 2919 704 2972 horrentia
716 2919 803 2974 lustra

100 3000 273 3054 Armentalie
285 3017 371 3070 equae
384 3005 511 3058 mammis
524 3013 552 3060 et
565 3006 637 3060 lacte
651 3007 740 3061 ferino

99 3086 241 3155 Nutrihet‚
256 3089 359 3142 teneris
370 3089 536 3160 immulgens
547 3093 634 3147 ubera
645 3094 736 3148 labris.

101 3174 193 3244 thue
205 3174 307 3244 pedum
319 3176 418 3245 primis
431 3177 524 3232 intans
537 3180 654 3248 vestigia
667 3180 768 3248 plantis

99 3262 252 3330 Institeram,
266 3263 357 3317 iaculo
370 3264 476 3332 palmes
487 3267 607 3319 armavit
620 3273 709 3336 acuto,

100 3349 265 3419 Spiculaque
278 3367 312 3404 ex
325 3367 423 3404 umero
437 3368 537 3420 parvae
552 3354 696 3422 suspendit
709 3361 738 3408 st
750 3371 853 3412 arcum.

100 3436 155 3490 Pro
167 3438 265 3491 crinali
279 3455 355 3502 auro,
370 3454 422 3507 pro
434 3439 533 3508 longae
547 3441 669 3510 tegmine
681 3442 777 3510 pallae,

99 3522 216 3593 Tigridis
228 3526 346 3580 exuviae
358 3541 409 3595 per
421 3525 533 3580 dorsum
546 3543 563 3582 a
576 3527 681 3582 vertice
693 3529 827 3598 pendent.
