2656 3940
490 222 627 272 vultam
649 223 814 272 nunninus
837 224 907 273 VIII.

184 382 275 436 Sensit
287 383 361 436 lacta
374 382 444 436 dolis
457 388 485 436 et
498 383 603 437 formae
616 383 725 438 conscia
737 385 868 438 coniunx.

183 467 253 520 Tum
266 475 345 535 pater
357 472 471 521 aeterno
483 467 559 520 fatur
572 467 720 522 devinctus
733 485 840 523 amore:

186 555 284 621 “Quid
297 572 392 609 causas
405 556 476 624 petis
488 572 522 609 ex
536 555 612 609 altol
632 555 733 610 fiducia
749 558 832 610 cessit

184 644 247 708 Quo
259 643 318 710 tibi,
332 642 404 710 diva,
419 643 492 696 meli
529 641 633 696 Similis
646 643 667 696 si
681 659 748 697 cura
760 644 865 710 fuisset,

183 729 253 784 Tum
267 746 374 798 quoque
387 730 431 783 fas
442 730 522 783 nobIs
534 729 654 784 Teucros
666 746 774 784 armare
786 730 899 796 fuisset3

183 816 210 869 N
211 834 243 871 ec
255 817 338 870 Pater
350 817 527 885 omntpotens
539 816 648 870 Troiam
662 833 713 870 nec
727 817 787 871 fata
798 817 932 872 vetabant

183 905 263 958 Stare
275 904 425 973 decemque
438 904 506 958 alios
518 903 659 958 Priamum
673 919 816 972 superesse
828 921 878 973 per
890 921 986 960 annos.

182 991 221 1045 Et
233 1008 314 1057 nunc,
329 991 353 1044 si
364 991 467 1045 bellare
479 1008 560 1060 paras
573 997 655 1059 atque
669 991 738 1044 haec
750 991 803 1045 tibi
816 1008 894 1046 ruens
906 998 954 1058 est,

183 1078 322 1147 Quidquid
335 1079 363 1131 in
376 1083 436 1132 arte
448 1093 511 1132 mea
523 1094 634 1147 possum
649 1079 812 1147 promittere
825 1097 914 1148 curae,

184 1167 265 1233 Quod
277 1165 338 1220 fieri
350 1166 425 1220 terro
437 1165 579 1235 liquidove
593 1173 685 1237 potest
701 1170 812 1236 electro,

184 1253 323 1319 Quantum
334 1253 412 1322 ignes
424 1255 586 1322 animaeque
599 1255 699 1324 valent,
712 1257 812 1310 absiste
824 1256 964 1324 precando

183 1339 299 1395 Viribus
310 1341 468 1394 Indubitare
478 1340 560 1395 tnis.”
596 1341 638 1396 Ea
650 1343 736 1398 verba
747 1343 856 1397 locutus

183 1430 301 1498 Optatos
313 1429 390 1483 dedit
402 1428 552 1498 amplexus,
569 1430 760 1500 placidumque
772 1431 872 1500 petivit

183 1519 315 1588 Coniugis
327 1520 434 1574 infusus
447 1521 553 1588 gremio
566 1538 614 1590 per
627 1521 751 1574 membra
763 1535 899 1588 soporem.

218 1606 286 1660 Inde
299 1607 345 1659 ubi
359 1608 449 1675 prima
461 1609 538 1677 quies
549 1609 642 1662 medlo
655 1609 710 1662 iam
723 1607 821 1661 Noctis
833 1607 946 1660 abactae

184 1693 327 1747 Curriculo
340 1696 483 1764 expulerat
495 1712 630 1760 somnum,
645 1712 707 1749 cum
720 1695 825 1748 femina
836 1694 964 1762 primum,

184 1780 234 1834 Oui
248 1780 367 1835 tolerare
379 1782 442 1836 colo
454 1783 538 1838 vitam
553 1783 685 1851 tenuique
698 1781 823 1837 Minerva

183 1867 354 1936 Impositum,
370 1869 490 1923 cinerem
504 1876 533 1924 et
545 1870 650 1938 sopitos
665 1869 778 1924 suscitat
790 1868 869 1937 ignis,

183 1959 301 2016 Noctem
314 1961 418 2016 addens
431 1959 515 2028 operi,
534 1957 703 2026 famulasque
716 1957 750 2010 ad
763 1956 868 2010 lumina
878 1955 962 2022 longo
1019 1963 1022 1968 '

182 2047 300 2104 Exercet
311 2067 405 2119 penso,
420 2053 526 2103 castum
539 2052 571 2098 ut
583 2061 695 2100 servare
707 2043 797 2098 cubile

183 2134 315 2205 Coniugis
327 2143 355 2191 et
368 2136 454 2205 possit
466 2149 567 2202 parvos
580 2132 697 2186 educere
709 2135 804 2184 natos:

182 2222 262 2278 Haud
277 2241 354 2279 secus
367 2223 530 2293 ignipotens
541 2236 593 2273 nec
606 2225 730 2287 tempore
743 2219 852 2286 segnior
865 2216 912 2270 illo

182 2309 312 2366 Mollibus
324 2329 340 2367 e
352 2314 446 2367 stratis
459 2328 542 2382 opera
555 2309 590 2363 ad
603 2306 715 2362 fabrilia
727 2305 822 2373 surgit.

182 2396 275 2453 Insula
287 2399 426 2454 Sicanium
439 2398 604 2454 instalatus
617 2394 800 2461 Aeoliamque

181 2484 307 2554 Erigitur
318 2486 445 2556 Liparen,
459 2484 630 2540 fumantibus
644 2481 729 2536 ardua
741 2478 821 2542 sexis,

183 2572 272 2637 Quam
285 2574 379 2627 subter
392 2591 490 2643 specus
503 2580 531 2627 et
545 2571 698 2639 Cyclopum
711 2583 793 2621 exesa
806 2565 920 2620 cuminis

181 2659 273 2713 Antra
285 2660 410 2715 Aetnaea
422 2666 529 2728 tonant,
544 2659 682 2728 valiquue
694 2655 839 2710 incudibus
850 2654 921 2708 ictus

184 2747 279 2801 Auditi
293 2749 414 2802 referunt
427 2749 567 2817 gemitum,
582 2746 756 2813 striduntque
769 2741 895 2796 cavernis

182 2835 334 2889 Stricturae
347 2836 510 2903 Chalybum,
526 2840 554 2888 et
568 2833 728 2888 fornacibus
743 2831 816 2900 ignis
827 2828 947 2894 anhelat,

182 2921 299 2977 Volcani
307 2924 417 2990 domus,
433 2927 460 2977 et
472 2922 609 2977 Volcania
621 2922 734 2975 nomine
747 2919 836 2973 tellus.

181 3009 243 3064 Hoc
255 3015 322 3064 tunc
334 3011 496 3081 Ignipotens
513 3010 589 3065 caelo
602 3007 744 3064 descendit
757 3008 791 3062 ab
804 3007 870 3062 alto.

181 3096 295 3151 Ferrum
310 3099 476 3152 exercebant
489 3103 567 3152 vasto
581 3096 716 3165 Cyclopes
728 3095 758 3148 in
771 3098 862 3161 antro,

181 3183 355 3253 Brontesque
367 3185 552 3254 Steropesque
565 3193 594 3238 et
607 3183 697 3236 nudus
709 3180 834 3235 membra
845 3179 1012 3246 Pyracmon.

182 3270 233 3323 His
245 3271 422 3325 informatum
437 3272 564 3325 manibus
576 3271 631 3324 iam
645 3274 726 3339 parte
739 3267 827 3337 polita

181 3357 297 3412 Fulmen
311 3363 378 3424 erat,
394 3363 453 3412 toto
467 3358 585 3412 Genitor
598 3374 668 3426 quae
679 3356 800 3425 plurIma
812 3354 888 3408 caelo

182 3443 274 3497 Deicit
286 3444 314 3495 ln
326 3448 423 3510 terras,
438 3461 502 3512 pars
513 3444 677 3512 imperfecta
687 3443 825 3498 manebat.

182 3528 243 3581 Tris
254 3529 351 3580 imbris
363 3530 430 3581 torti
444 3530 543 3596 radios,
557 3530 609 3583 tris
622 3530 704 3583 nubis
717 3545 837 3596 aquosae
