2668 3942
493 229 633 279 vesunu
654 229 818 280 AENEIDOS
841 230 897 279 xli„

189 391 344 461 Expediet?
364 391 470 445 tanton'
484 392 588 460 placuit
601 408 765 446 concurrere
778 401 864 460 motu,

189 476 322 545 Iuppiter,
337 482 449 529 aeterna
461 476 551 544 gentis
562 476 590 528 in
603 493 671 545 pace
683 476 812 530 futurasl

189 563 299 617 Aeneas
311 562 444 616 Rutulum
459 562 693 631 Sucronem-ea
704 563 795 632 prima
807 565 913 618 ruentis

189 650 286 718 Pugna
297 650 359 704 loco
372 652 469 704 statuit
483 650 713 704 Teucros-haud
726 651 814 704 multa
825 657 989 721 morantem,

189 737 300 806 Excipit
312 737 341 789 in
354 737 434 805 latus,
449 742 485 806 et,
499 754 553 806 qua
564 738 624 791 fata
636 736 787 805 celerrima,
801 738 917 792 crudum

190 823 361 891 Transadigit
374 828 464 878 costas
478 831 505 878 et
519 824 602 878 cratis
616 824 737 894 pectoris
750 841 852 880 ensem.

190 911 297 964 Turnus
310 926 380 979 equo
393 910 529 965 deiectum
543 913 680 979 Amycum
693 912 865 982 fratremque
878 913 1001 981 Diorem,

190 998 359 1066 Congressus
371 999 463 1067 pedes,
479 999 553 1053 hunc
565 999 721 1054 venientem
736 1001 849 1070 cuspide
861 1002 951 1071 longa,

190 1085 272 1139 Hunc
284 1102 415 1139 mucrone
428 1086 493 1139 ferit
506 1104 642 1156 curruque
653 1087 758 1142 abscisa
770 1088 888 1164 (luorum

190 1173 339 1241 Suspendit
351 1173 449 1242 cupita,
464 1179 493 1228 ct
504 1176 629 1228 rorantia
641 1175 888 1245 sanguine‘portat.

190 1261 240 1315 Ille
253 1261 339 1315 Talon
352 1260 519 1330 'l'anaimque
534 1263 595 1316 neci
610 1265 768 1334 fortemque
781 1266 942 1336 Cethegum,

190 1349 250 1402 Tris
263 1366 319 1403 uno
332 1366 488 1418 congressu,
503 1358 531 1404 et
543 1362 677 1406 maestum
691 1353 777 1406 mittit
790 1353 901 1423 Oniten,

190 1435 310 1490 Nomine
321 1436 486 1490 Echionium
498 1440 646 1508 matrisque
659 1458 746 1510 genus
758 1444 899 1512 Peridia03

191 1523 244 1577 Hic
255 1523 354 1577 fratres
366 1523 451 1592 Lycia
464 1525 559 1579 missos
572 1532 600 1581 et
612 1527 749 1596 Apollinis
762 1533 843 1601 agris,

189 1611 227 1665 Et
238 1611 365 1665 invenem
380 1613 493 1669 exosum
506 1621 673 1688 nequiquam
685 1621 756 1675 bella
768 1621 926 1689 Menoeten,

189 1706 307 1773 Arcada,
321 1707 444 1775 piscosae
456 1709 501 1761 cni
513 1709 616 1762 circum
628 1711 742 1766 flumina
754 1712 859 1767 Lernae

190 1794 246 1846 Are
257 1794 349 1847 fuerat
361 1811 519 1864 pauperque
532 1797 636 1864 domus,
651 1815 702 1853 nec
715 1805 782 1854 nota
796 1806 938 1868 potentum

189 1883 312 1949 Munera,
329 1886 520 1956 conductaque
534 1895 612 1957 pater
625 1889 724 1944 tellure
737 1891 852 1944 serebat.

190 1971 233 2026 Ac
245 1973 321 2027 velut
334 1975 448 2029 immissi
462 1977 577 2031 diversis
590 1981 715 2048 partibus
727 1983 804 2051 ignea

189 2061 326 2116 Arentcm
338 2064 368 2116 in
381 2065 478 2118 silvam
492 2071 520 2119 et
532 2067 652 2135 virgulta
664 2071 790 2124 sonantia
802 2071 895 2140 laur03

190 2150 250 2205 Aut
261 2153 310 2205 ubi
323 2153 439 2208 decursu
454 2156 552 2224 rapido
565 2157 599 2209 de
612 2158 753 2212 montibus
766 2159 829 2212 altis

189 2242 265 2300 Dant
278 2246 398 2301 sonitum
414 2247 535 2316 spumosi
549 2263 652 2316 amnes,
667 2248 736 2302 etin
750 2266 869 2319 aequora
881 2253 996 2304 currunt

191 2333 313 2402 Quisque
326 2351 405 2387 suum
419 2335 567 2403 populatus
580 2335 648 2390 iter:
669 2353 726 2390 non
739 2337 849 2406 segnius
862 2339 942 2392 ambo

191 2420 300 2476 Aeneas
313 2421 475 2491 Turnusque
487 2428 573 2476 ruunt
584 2439 635 2492 per
646 2423 766 2492 proelia3
787 2441 869 2492 nunc,
883 2441 957 2478 nnnc

190 2506 319 2562 Fluctuat
330 2509 372 2562 ira
384 2509 474 2574 intus3
495 2516 662 2578 rumpuntur
672 2512 766 2565 nescia
779 2511 852 2565 vinci

192 2591 323 2662 Pectora3
344 2613 418 2650 nunc
431 2597 498 2650 totis
510 2597 538 2650 in
553 2597 667 2652 volnera
680 2598 784 2652 viribus
795 2599 860 2653 itur.

189 2677 352 2736 Murranum
365 2683 417 2749 hic,
433 2688 528 2738 atavos
540 2688 569 2738 et
584 2701 698 2739 avorum
714 2686 828 2754 antiqua
840 2691 985 2741 sonantem

190 2769 318 2833 Nomina,
333 2787 383 2838 per
395 2787 527 2840 regesque
540 2777 630 2826 actum
645 2789 732 2840 genus
745 2787 827 2826 omne
840 2772 961 2841 Latinas,

189 2856 374 2926 Praecipitem
387 2858 500 2927 scopulo
513 2864 595 2928 atquc
607 2860 729 2928 ingentis
741 2860 853 2914 turbine
867 2861 925 2914 saxi

189 2944 310 3013 Excutit,
325 2945 497 3014 effunditque
510 2946 583 3000 solo:
603 2947 677 3000 hunc
689 2947 749 3000 lora
762 2951 790 3001 et
802 2947 866 3016 inge
878 2948 973 3002 subter

189 3030 359 3086 Provolvcre
371 3037 465 3099 rotae3
486 3034 584 3087 crebro
597 3050 680 3102 super
692 3034 796 3103 ungula
808 3035 888 3102 pulsu

190 3117 280 3172 lncita
292 3137 343 3174 nec
356 3120 460 3173 domini
474 3137 625 3174 memorum
638 3121 781 3190 proculcat
794 3138 934 3191 equorum.

190 3205 240 3258 Ille
252 3206 344 3261 ruenti
358 3207 442 3274 Hyllo
455 3207 607 3277 animisque
619 3208 739 3262 immane
752 3208 880 3262 frementi

191 3290 327 3360 Occurrit,
342 3293 482 3362 telumque
495 3302 589 3349 aurata
602 3295 638 3349 ad
650 3299 775 3364 tempora
785 3300 913 3365 torquet:

191 3375 246 3429 Olli
259 3395 308 3446 per
320 3379 424 3446 galeam
437 3380 494 3434 fixo
507 3383 584 3435 stetit
597 3382 678 3436 hasta
690 3383 813 3437 cerebro.

190 3461 312 3517 Dextera
323 3481 374 3518 nec
387 3470 436 3518 tua
447 3471 483 3531 te,
499 3468 612 3522 Graium
627 3469 782 3536 fortissime,
798 3469 929 3540 Oretheu,

191 3547 301 3615 Eripuit
313 3549 422 3618 Turn03
442 3567 493 3605 nec
506 3553 535 3605 di
547 3559 641 3608 texere
655 3555 823 3625 Oupencum,
