2656 3940
410 199 547 248 VERGILI
569 199 734 248 AENhlIDOS
757 199 828 248 VIII.

113 359 229 423 Avertit,
242 359 359 413 totidem
372 361 463 413 forma
476 364 621 429 superante
634 360 771 414 iuveneas.
930 431 932 434 Ι

110 446 200 514 Atque
213 447 271 514 hos,
285 463 321 500 ne
334 463 388 515 qua
401 447 491 500 forent
503 447 619 516 pedibus
631 447 747 515 vestigia
757 447 847 514 rectis,

109 534 202 588 Gauda
213 535 242 587 in
256 534 413 602 speluncam
428 543 532 588 tractos
545 534 686 602 versisque
700 534 806 588 viarum

108 621 217 675 Iudiciis
230 628 324 690 raptos
337 638 404 675 saxo
418 621 574 675 occultabat
587 638 681 689 opaco.

108 708 255 774 Quaerenti
268 709 345 763 nulla
358 709 391 763 ad
407 708 565 778 speluncam
581 709 658 777 signa
670 708 805 762 ferebant.

106 797 222 864 Interea,
238 813 299 850 cum
313 796 367 850 iam
381 796 497 849 stabulis
512 802 635 850 saturata
646 801 772 849 moveret

107 883 371 953 Amphitryoniades
384 888 509 938 armenta
523 882 681 951 abitumque
693 877 811 952 pararet,

107 971 231 1027 Discessu
244 972 352 1040 mugire
364 972 455 1038 boves,
470 975 552 1039 atque
565 986 646 1024 omne
659 970 777 1038 querelis

105 1058 215 1127 lmpleri
227 1075 335 1127 nemus,
350 1065 377 1112 et
389 1058 472 1112 colles
485 1058 604 1112 clamore
616 1057 742 1126 relinqui.

104 1145 234 1200 Reddidit
247 1162 305 1200 una
316 1146 400 1200 boum
413 1161 509 1199 vocem
522 1149 655 1213 vastoque
668 1145 719 1198 sub
732 1152 813 1199 antro

104 1233 200 1302 Mugiit
212 1240 243 1287 et
253 1233 321 1288 Oaci
334 1251 409 1302 spem
423 1233 561 1288 custodita
572 1232 679 1286 fefellit.

105 1321 153 1376 Hie
165 1339 233 1376 vero
247 1321 365 1375 Alcidae
378 1322 457 1375 furiis
469 1326 609 1376 exarserat
621 1325 683 1374 atro

104 1408 174 1463 Felle
184 1410 285 1474 dolor;
306 1409 380 1478 rapit
391 1426 468 1463 arma
479 1426 563 1463 mann
576 1409 709 1476 nodisque
722 1412 867 1476 gravatum

104 1495 202 1562 Robur,
218 1503 248 1550 et
261 1496 330 1551 aerii
344 1513 425 1550 cursu
438 1497 509 1566 petit
522 1496 607 1551 ardua
619 1495 729 1550 montis

104 1584 168 1637 Tum
180 1585 306 1653 primum
319 1585 407 1638 nostri
420 1585 521 1638 Cacum
536 1585 627 1638 videre
639 1585 784 1637 timentem

104 1670 310 1741 Turbatnmqne
322 1672 423 1739 oeulis;
444 1673 517 1741 fugit
529 1673 604 1726 ilicet
617 1672 692 1726 ocior
704 1672 779 1727 Euro

104 1759 323 1828 speluncamque
336 1760 421 1829 petit3
442 1760 558 1828 pedibus
571 1762 654 1814 timor
668 1761 774 1815 addidit
786 1762 850 1816 ulae.

103 1843 138 1896 Ut
149 1861 207 1899 sese
221 1844 344 1912 inclusit,
359 1846 502 1914 ruptisque
514 1846 633 1899 immane
646 1847 750 1900 cetenis

103 1930 205 1986 Deiecit
217 1949 326 2000 saxum,
341 1932 415 1986 ferro
427 1933 500 2001 qnod
514 1937 543 1987 et
555 1939 613 1987 arte
625 1938 740 2002 patema

102 2017 247 2084 Pendebat,
263 2019 408 2088 fultosque
421 2020 535 2074 emuniit
549 2021 626 2074 obice
640 2022 732 2090 poetic,

102 2105 168 2161 Ecce
180 2109 279 2161 furens
294 2107 395 2160 animis
407 2107 502 2161 aderat
514 2107 682 2176 Tirynthius,
697 2128 862 2188 omnemque

102 2194 247 2248 Accessum
261 2195 388 2248 lustrans
400 2195 453 2249 huc
467 2212 515 2249 ora
528 2196 634 2251 ferebat
648 2203 675 2251 et
687 2198 761 2266 illuc,

101 2279 233 2337 Dentibus
246 2282 422 2340 infrendens.
457 2281 512 2356 ¹Ter
525 2287 614 2338 totum
627 2285 751 2340 fervidus
762 2288 805 2342 ira

101 2367 205 2424 Lustrat
220 2369 362 2424 Aventini
373 2375 513 2438 montem;
534 2375 577 2425 ter
590 2390 672 2428 saxea
683 2369 803 2446 temptat

101 2455 203 2512 Limina
215 2457 389 2527 nequiquam
400 2477 406 2524 ;
427 2463 470 2512 ter
483 2460 573 2514 fessus
586 2461 657 2516 valle
671 2464 781 2518 resedit.

102 2543 192 2599 Stabat
205 2554 289 2600 acute
303 2545 379 2614 silex,
395 2547 523 2614 praecisis
535 2549 657 2618 undique
670 2552 742 2606 saxis

102 2631 249 2701 Speluncae
262 2634 350 2688 dorso
363 2633 514 2702 insurgens,
530 2636 663 2692 altissima
675 2639 744 2705 visu,

102 2719 224 2775 Dirarum
238 2722 316 2775 nidis
329 2720 429 2774 domus
442 2728 599 2791 opportune
612 2724 764 2786 volucrum,

102 2805 183 2878 Hane,
196 2817 226 2863 ut
239 2827 333 2880 prona
345 2810 410 2878 iugo
422 2810 531 2864 laevum
543 2813 719 2866 incumbebat
732 2813 766 2867 ad
779 2831 896 2886 amnem,

101 2893 200 2950 Dexter
212 2899 242 2950 in
256 2898 407 2952 adversum
420 2899 512 2952 nitens
524 2900 669 2963 concussit,
685 2905 714 2955 et
723 2901 785 2954 imis

102 2980 225 3036 Avulsam
236 2983 323 3037 solvit
334 2983 485 3054 radicibus3
500 2985 564 3039 inde
576 2992 690 3056 repente

102 3066 225 3138 Impulit3
247 3069 371 3140 impulsu
386 3087 440 3138 qno
453 3073 589 3126 maximus
600 3074 710 3130 intonet
723 3075 826 3144 aether,

102 3154 249 3212 Dissultant
262 3159 344 3227 ripae
357 3157 504 3228 refluitque
517 3162 665 3215 exterritus
677 3164 774 3218 amnis.

102 3242 137 3296 At
148 3262 242 3314 specus
256 3252 286 3300 et
301 3245 368 3298 Occi
381 3243 490 3298 detecta
502 3249 629 3314 apperuit
641 3249 739 3317 ingens

101 3329 187 3402 Regia,
201 3340 230 3388 et
242 3334 397 3388 umbrosae
408 3333 519 3400 penitus
532 3341 644 3402 patuere
658 3353 805 3392 cavernae:

102 3416 161 3473 Non
173 3438 259 3490 secus,
275 3438 309 3475 ac
323 3421 345 3473 si
360 3437 415 3488 qua
428 3421 536 3487 penitus
550 3423 576 3474 vi
590 3428 664 3477 terre
677 3423 819 3478 dehiscens

102 3503 221 3562 Infernas
234 3513 346 3562 reseret
359 3507 440 3560 sedes
452 3512 480 3560 et
492 3524 578 3576 regna
591 3509 716 3563 recludat
