2730 3936
503 256 640 306 vnnelm
663 255 827 304 AENEIDOS
850 254 896 304 111.

194 421 310 491 Accessi,
327 422 496 490 viridemque
510 421 544 474 ab
558 420 643 473 humo
657 419 813 472 convellere
827 415 924 470 silvam

191 511 319 575 (lanatus,
335 511 417 563 ramis
429 515 553 577 tegerem
566 513 598 560 ut
610 506 803 559 frondentibus
817 521 884 570 aras,

191 597 367 652 Horrendum
380 603 408 649 et
421 597 498 649 dictu
510 595 592 648 video
604 593 730 647 mirabile
742 591 906 645 monstrum.

191 686 218 740 N
219 704 270 755 am,
286 702 355 754 qnae
368 685 459 752 prima
472 683 531 736 solo
545 683 634 750 ruptis
647 681 786 735 radicibus
800 679 881 733 arbos

192 773 321 840 Vellitur,
336 771 400 824 huic
413 775 474 824 atro
487 769 631 837 liquuntur
645 767 778 836 sanguine
791 772 887 834 guttae

192 861 227 913 Iit
240 861 343 913 terram
355 859 421 912 tabo
435 857 581 910 maculant.
622 855 690 908 Mihi
704 854 818 922 frigidus
833 853 931 905 horror
1002 885 1006 889 -

191 946 316 1000 Mem-bra
330 946 426 1014 quatit,
441 943 600 1012 gelidusque
615 943 672 996 coit
683 941 833 995 formidine
846 940 965 1008 sanguis.

193 1035 296 1087 Rursus
309 1039 336 1087 et
349 1033 462 1087 alterius
474 1031 579 1084 lentum
598 1029 754 1082 convellere
769 1028 857 1080 vimen

192 1121 324 1190 insequor
337 1127 364 1174 et
377 1135 472 1174 causas
485 1118 594 1186 penitus
607 1123 744 1183 temptare
758 1115 885 1168 latentis:

192 1209 262 1262 Ater
274 1214 302 1262 et
315 1209 429 1262 alterius
442 1207 565 1274 sequitur
577 1205 612 1258 de
625 1204 727 1257 cortice
743 1203 860 1270 sanguis,

193 1297 280 1350 Multa
291 1312 406 1349 movens
420 1295 512 1348 animo
525 1291 670 1360 Nymphas
685 1291 837 1344 venerabar
850 1291 966 1357 agrestis

194 1383 399 1451 Gradivumque
413 1387 527 1449 patrem,
543 1379 647 1434 Getieis
660 1379 707 1446 qui
721 1378 860 1447 praesidet
875 1379 955 1444 arvis,

193 1471 256 1523 Rite
269 1470 450 1524 secundarent
464 1469 537 1521 visus
550 1482 686 1534 omenque
701 1465 833 1519 levarent.

193 1557 286 1610 Tertia
298 1557 346 1610 sed
359 1562 503 1625 postquam
516 1555 621 1608 maiore
635 1553 743 1606 hastilia
757 1552 818 1604 nisu

193 1645 350 1714 Aggredior
362 1643 529 1712 genibusque
543 1641 674 1695 adversae
689 1640 815 1694 obluctor
830 1639 985 1691 harenae-

193 1732 322 1800 Eloquar,
337 1748 372 1785 an
384 1731 478 1784 sileam
488 1730 654 1798 l-gemitus
666 1726 843 1782 lacrimabilis
856 1727 912 1778 imo

196 1819 315 1872 Auditur
327 1819 443 1884 tumulo,
458 1824 487 1872 et
499 1835 554 1870 vox
567 1816 676 1870 reddita
690 1817 777 1868 fertur
791 1814 825 1868 ad
838 1813 926 1866 aurise

195 1907 295 1972 “Quid
308 1907 446 1971 miserum,
462 1907 566 1973 Aenea,
580 1903 705 1958 laceras?
723 1903 779 1956 iam
793 1917 874 1971 parce
888 1899 1014 1967 sepult03

193 1993 280 2048 Parce
292 1995 351 2063 pias
364 1994 498 2048 scelerare
510 2011 615 2049 manus.
655 1993 719 2047 Non
732 2011 776 2048 me
790 1995 840 2048 tibi
855 1993 936 2046 Troia

193 2081 345 2135 Externum
358 2081 430 2150 tulit,
446 2088 494 2135 aut
507 2098 589 2136 cruor
600 2081 646 2136 hic
659 2082 694 2136 de
707 2083 799 2150 stipite
812 2087 914 2135 manat.

195 2168 269 2222 Heni
285 2169 350 2236 iuge
363 2168 481 2222 crudelis
493 2173 588 2237 terras,
604 2169 667 2237 fuge
680 2169 745 2222 litus
758 2186 879 2222 avarum.

194 2254 266 2310 Nam
279 2255 433 2322 Polydorus
446 2268 519 2322 ego·
544 2256 597 2309 Hic
610 2256 749 2309 confixum
764 2257 853 2311 ferrea
866 2257 936 2309 texit

124 2392 131 2400 .
193 2343 322 2397 Telorum
335 2359 412 2410 seges
425 2348 453 2396 et
465 2343 559 2396 iaculis
572 2343 691 2397 increvit
705 2343 818 2397 acutis.'’

228 2431 298 2483 Tum
311 2447 377 2483 vero
390 2431 505 2498 ancipiti
518 2435 640 2483 mentem
660 2430 809 2483 formidine
822 2446 931 2498 pressus

194 2517 330 2585 Obstipui,
346 2521 535 2585 steteruntque
548 2534 642 2570 comae
657 2523 684 2570 et
698 2535 751 2570 vox
766 2518 891 2571 faucibus
903 2517 1000 2570 haesit.

194 2605 274 2657 Hunc
287 2603 457 2670 Polydorum
470 2605 528 2657 auri
543 2604 681 2672 quondam
698 2622 760 2657 cum
773 2605 897 2673 pondere
909 2619 1010 2670 magno

194 2691 295 2745 infelix
310 2691 435 2745 Priamus
449 2691 542 2744 furtim
558 2691 700 2745 mandarat
714 2692 842 2745 alendum
919 2689 923 2694 ’

193 2780 320 2833 Threicio
333 2778 399 2847 regi,
415 2795 477 2832 eum
488 2779 544 2832 iam
558 2779 695 2832 diffideret
708 2779 792 2832 armis

193 2867 348 2920 Dardaniae
362 2866 490 2933 cingique
502 2867 599 2920 urbem
615 2866 759 2919 obsidione
772 2866 888 2920 videret.

193 2955 250 3018 Ille,
265 2960 297 3007 ut
309 2971 375 3022 opes
387 2954 493 3006 fractae
505 2953 650 3021 Teucrum,
667 2959 694 3006 et
707 2953 831 3006 Fortuna
844 2953 964 3020 recessit,

194 3041 248 3094 Res
261 3041 495 3109 Agamemnonias
509 3041 688 3108 victriciaque
702 3058 779 3096 arma
792 3047 911 3108 secutus,

193 3128 214 3180 F
216 3145 245 3181 as
258 3145 339 3182 onrne
352 3129 509 3198 abrumpit3
530 3127 701 3195 Polydorum
715 3129 870 3189 obtruncat.
887 3133 914 3181 et
926 3144 995 3181 auro

193 3216 231 3269 Vi
244 3216 359 3284 potitur.
398 3216 469 3281 Quid
484 3233 541 3270 non
554 3216 685 3269 mortalia
698 3221 812 3284 pectora
825 3217 907 3283 cogis,

194 3303 264 3356 Auri
277 3321 355 3358 sacra
363 3305 469 3358 famosi
507 3303 656 3372 Postquam
670 3319 756 3372 pavor
770 3320 832 3356 ossa
845 3303 963 3371 reliquit,

194 3391 323 3446 Delectos
335 3392 430 3461 populi
443 3391 477 3445 ad
490 3407 617 3459 proceres
630 3391 804 3460 primumque
817 3396 959 3459 parentem

195 3479 318 3532 Monstra
331 3480 411 3532 deum
424 3478 524 3545 refero,
540 3481 574 3544 et,
591 3477 708 3546 quaesit
727 3479 872 3532 sententia.
887 3492 978 3545 posco.

195 3565 332 3619 Omnibus
344 3565 418 3618 idem
431 3563 545 3631 animus,
560 3564 693 3618 scelerata
706 3565 838 3617 excedere
851 3570 933 3628 terra,
