2706 3938
443 221 581 270 vanem
605 221 769 272 AENEIDOS
792 221 823 272 V.

119 383 253 454 Epytides
265 385 350 452 longe
364 383 441 438 dedit
453 383 631 452 insonuitque
642 383 759 452 flagello.

120 473 174 526 Olli
187 473 345 526 discurrere
357 488 445 540 pares,
461 475 543 539 etque
556 471 666 540 agmina
677 471 751 524 terni

119 559 249 614 Diduetis
261 559 372 613 solvere
384 557 483 626 choris,
497 573 645 627 rursusque
655 558 748 612 vocati

119 648 293 701 Convertere
305 646 365 699 viae
376 645 530 714 infestaque
542 645 599 698 tela
610 644 707 699 tulere.

119 734 188 788 Inde
202 734 271 788 alios
285 734 384 786 ineunt
394 749 491 786 cursus
504 732 626 801 aliosque
638 749 765 786 recursus

119 820 241 874 Adversi
254 819 359 888 spatiis,
375 819 550 888 alternosque
564 819 676 873 orbibus
689 819 764 872 orbis

119 907 290 976 Impediunt7
304 888 467 975 pugnaeque
480 883 554 959 dent
567 906 712 960 simulacra
724 907 774 960 sub
788 907 887 975 armis3

118 996 156 1049 Et
168 1011 245 1049 nunc
259 999 338 1062 terga
349 993 416 1061 inge
428 992 543 1058 nudant,
559 1009 632 1047 nune
646 994 751 1062 spieule
762 999 878 1049 vertunt

119 1083 237 1148 Infensi,
252 1081 327 1134 facta
338 1080 445 1149 pariter
457 1097 531 1134 nune
543 1097 611 1149 paee
623 1081 758 1135 seruntur.

119 1171 158 1224 Ut
170 1168 315 1238 quondam
328 1167 411 1221 Creta
424 1168 513 1221 fertur
525 1167 713 1235 Labyrinthus
724 1169 752 1222 in
766 1168 822 1222 alta

118 1256 279 1310 Parietibus
291 1259 400 1307 textum
413 1255 502 1308 caeeis
515 1255 577 1318 iter,
592 1255 795 1324 ancipitemque

118 1345 195 1398 Mille
209 1343 265 1395 viis
277 1341 404 1396 habuisse
413 1341 516 1410 dolum,
531 1357 585 1411 que
597 1342 675 1410 signa
688 1343 819 1412 sequendi

118 1431 240 1486 Tallaret
253 1428 436 1498 indeprensus
447 1434 476 1482 et
488 1429 673 1483 inremeabilis
685 1445 780 1484 errore

118 1517 203 1573 Haud
216 1516 272 1571 alio
285 1516 420 1569 Teucrum
433 1515 492 1569 uati
504 1516 622 1585 vestigia
633 1531 715 1570 eursu

117 1604 290 1675 impediunt,
306 1608 458 1672 texuntque
467 1603 546 1671 fuges
558 1610 587 1657 et
599 1604 704 1672 proelia
716 1604 796 1673 lud03

117 1692 293 1762 Delphinum
309 1690 419 1759 similes,
433 1690 480 1760 qui
491 1691 640 1760 peroraris
652 1691 744 1746 umida
755 1695 848 1748 nando

118 1783 305 1854 Carpathium
317 1782 506 1850 Libycumque
519 1785 614 1834 secant
628 1780 790 1850 [luduntque
801 1797 852 1849 per
864 1781 972 1851 undas].

117 1871 203 1926 Hono
215 1887 321 1924 morem
336 1886 431 1924 cursus
444 1874 526 1938 atque
539 1867 608 1922 haec
621 1868 771 1922 certamina
782 1869 887 1937 primns

119 1959 267 2024 Ascanim,
282 1957 405 2026 Longam
418 1956 505 2010 muris
517 1972 580 2009 cum
594 1955 719 2023 cingeret
732 1955 840 2024 Albam,

118 2047 241 2102 Rettulit
256 2053 285 2100 et
297 2045 405 2100 Priscae
417 2046 512 2101 docuit
524 2047 665 2102 celebrare
677 2047 798 2114 Latinos,

117 2136 183 2202 Quo
195 2153 265 2204 puer
279 2135 339 2204 ipse
351 2135 442 2203 modo,
456 2151 550 2189 seeum
564 2151 619 2204 quo
631 2135 715 2189 Troia
726 2136 828 2204 pubes3

118 2223 223 2276 Albani
236 2222 357 2277 docuere
370 2238 448 2289 suos;
469 2222 535 2276 hinc
546 2222 668 2276 maxima
679 2237 763 2291 porro

119 2309 240 2378 Accepit
253 2308 351 2377 Roma,
367 2314 396 2362 et
407 2308 529 2377 patrium
543 2310 664 2364 servavit
675 2309 825 2374 honorem

118 2396 255 2464 Troiaque
268 2411 351 2466 nuno,
365 2396 445 2465 pueri
458 2395 607 2450 Troianum
620 2396 722 2450 dicitnr
735 2413 840 2464 agmen.

118 2483 179 2537 Hae
193 2482 333 2537 celebrata
345 2488 426 2537 tenus
438 2487 534 2538 sancto
546 2484 700 2538 certamina
710 2485 793 2552 petri.

154 2570 209 2624 Hic
222 2571 343 2639 primum
356 2569 481 2624 Fortuna
492 2570 575 2625 fidem
586 2576 695 2625 mutata
707 2571 828 2625 novavit.

118 2657 193 2711 Dum
207 2658 293 2711 variis
305 2657 412 2711 tumulo
426 2657 551 2712 referunt
564 2658 709 2712 sollemnia
725 2658 804 2726 ludis,

119 2743 185 2798 lrim
199 2743 233 2798 de
247 2743 324 2798 caelo
336 2743 412 2798 misit
425 2743 554 2798 Saturnia
566 2744 638 2798 Iuno

119 2831 235 2886 Iliacam
248 2831 283 2885 ad
297 2831 418 2899 classem,
434 2831 587 2901 ventosque
599 2833 704 2901 aspirat
716 2833 800 2900 eunti,

119 2918 208 2972 Multa
221 2934 343 2984 movens,
357 2918 474 2972 neodum
488 2919 632 2987 antiquum
645 2924 767 2973 saturata
779 2919 910 2974 dolorem.

120 3006 179 3070 llln,
194 3006 267 3060 viam
284 3005 406 3060 celerans
419 3022 468 3073 per
481 3006 556 3059 mille
570 3006 709 3060 coloribus
723 3023 824 3074 arcum,

119 3093 196 3147 Nulli
209 3094 269 3148 vise
283 3093 339 3147 cito
351 3092 473 3148 decurrit
485 3095 597 3147 trauute
609 3095 697 3162 virgo.

119 3181 263 3251 Conspioit
275 3181 415 3248 ingentem
430 3197 603 3244 concursum,
619 3185 647 3235 et
659 3181 742 3234 litora
754 3182 861 3250 lustrat,

118 3268 308 3338 Desertosque
320 3267 397 3321 videt
409 3273 507 3336 portus
520 3268 689 3336 classemque
702 3268 835 3322 relictam.

119 3357 159 3409 At
171 3356 269 3425 procul
281 3356 311 3408 in
324 3354 382 3408 sola
395 3361 516 3409 secretae
529 3354 651 3409 Troades
663 3363 725 3408 aete

119 3443 261 3496 Amissum
274 3441 418 3494 Anchisen
432 3440 542 3508 flebant,
557 3447 727 3510 cunctaeque
741 3441 909 3509 profondum

118 3527 239 3582 Pontum
253 3528 435 3598 aspectabant
446 3527 552 3582 fientes.
591 3528 653 3582 Heu
666 3534 711 3582 tot
724 3529 794 3583 vade
806 3529 888 3583 fessis

176 3628 322 3680 141
