<?xml version="1.0" encoding="UTF-8"?>
<!DOCTYPE html PUBLIC "-//W3C//DTD XHTML 1.0 Transitional//EN"
    "http://www.w3.org/TR/xhtml1/DTD/xhtml1-transitional.dtd">
<html xmlns="http://www.w3.org/1999/xhtml" xml:lang="en" lang="en">
 <head>
  <title>
</title>
<meta http-equiv="Content-Type" content="text/html;charset=utf-8" />
  <meta name='ocr-system' content='tesseract 3.04.00' />
  <meta name='ocr-capabilities' content='ocr_page ocr_carea ocr_par ocr_line ocrx_word'/>
</head>
<body>
  <div class='ocr_page' id='page_1' title='image "./arevisedtextpoe00virggoog_0089.png"; bbox 0 0 2734 3936; ppageno 0'>
   <div class='ocr_carea' id='block_1_1' title="bbox 460 237 865 294">
    <p class='ocr_par' dir='ltr' id='par_1_1' title="bbox 460 237 865 294">
     <span class='ocr_line' id='line_1_1' title="bbox 460 237 865 294; baseline 0.01 -5"><span class='ocrx_word' id='word_1_1' title='bbox 460 240 597 290; x_wconf 79' lang='lat' dir='ltr'>vuaelm</span> <span class='ocrx_word' id='word_1_2' title='bbox 621 237 809 292; x_wconf 75' lang='lat' dir='ltr'>eudaemon</span> <span class='ocrx_word' id='word_1_3' title='bbox 834 244 865 294; x_wconf 89' lang='lat' dir='ltr'>ll.</span> 
     </span>
    </p>
   </div>
   <div class='ocr_carea' id='block_1_2' title="bbox 82 387 940 3615">
    <p class='ocr_par' dir='ltr' id='par_1_2' title="bbox 82 387 875 655">
     <span class='ocr_line' id='line_1_2' title="bbox 82 387 815 473; baseline 0.011 -22"><span class='ocrx_word' id='word_1_4' title='bbox 82 387 85 392; x_wconf 71' lang='grc'><strong>’</strong></span> <span class='ocrx_word' id='word_1_5' title='bbox 150 399 312 468; x_wconf 81' lang='lat' dir='ltr'>Speluncae,</span> <span class='ocrx_word' id='word_1_6' title='bbox 327 400 438 472; x_wconf 87' lang='lat' dir='ltr'>vivique</span> <span class='ocrx_word' id='word_1_7' title='bbox 451 401 534 470; x_wconf 89' lang='lat' dir='ltr'>lacus,</span> <span class='ocrx_word' id='word_1_8' title='bbox 548 407 578 456; x_wconf 90' lang='lat' dir='ltr'>at</span> <span class='ocrx_word' id='word_1_9' title='bbox 589 403 691 472; x_wconf 74' lang='lat' dir='ltr'>frigida</span> <span class='ocrx_word' id='word_1_10' title='bbox 702 397 815 473; x_wconf 77' lang='lat' dir='ltr'>Tempe,</span> 
     </span>
     <span class='ocr_line' id='line_1_3' title="bbox 149 485 875 558; baseline 0.01 -19"><span class='ocrx_word' id='word_1_11' title='bbox 149 485 327 556; x_wconf 85' lang='lat' dir='ltr'>Mugitusque</span> <span class='ocrx_word' id='word_1_12' title='bbox 340 489 432 556; x_wconf 92' lang='lat' dir='ltr'>boum,</span> <span class='ocrx_word' id='word_1_13' title='bbox 446 489 597 558; x_wconf 76' lang='lat' dir='ltr'>mollesque</span> <span class='ocrx_word' id='word_1_14' title='bbox 610 491 660 543; x_wconf 90' lang='lat' dir='ltr'>sub</span> <span class='ocrx_word' id='word_1_15' title='bbox 674 492 772 545; x_wconf 88' lang='lat' dir='ltr'>urbere</span> <span class='ocrx_word' id='word_1_16' title='bbox 785 494 875 546; x_wconf 77' lang='lat' dir='ltr'>mmni</span> 
     </span>
     <span class='ocr_line' id='line_1_4' title="bbox 149 572 805 655; baseline 0.009 -29"><span class='ocrx_word' id='word_1_17' title='bbox 149 572 216 626; x_wconf 85' lang='lat' dir='ltr'>Non</span> <span class='ocrx_word' id='word_1_18' title='bbox 230 575 343 643; x_wconf 88' lang='lat' dir='ltr'>absunt;</span> <span class='ocrx_word' id='word_1_19' title='bbox 364 575 420 630; x_wconf 89' lang='lat' dir='ltr'>illie</span> <span class='ocrx_word' id='word_1_20' title='bbox 434 575 520 638; x_wconf 78' lang='lat' dir='ltr'>saltus</span> <span class='ocrx_word' id='word_1_21' title='bbox 532 593 564 630; x_wconf 89' lang='lat' dir='ltr'>cc</span> <span class='ocrx_word' id='word_1_22' title='bbox 577 577 805 655; x_wconf 65' lang='lat' dir='ltr'>leerarum,</span> 
     </span>
    </p>

    <p class='ocr_par' dir='ltr' id='par_1_3' title="bbox 149 659 898 904">
     <span class='ocr_line' id='line_1_5' title="bbox 149 659 879 736; baseline 0.012 -24"><span class='ocrx_word' id='word_1_23' title='bbox 149 659 187 712; x_wconf 85' lang='lat' dir='ltr'>Et</span> <span class='ocrx_word' id='word_1_24' title='bbox 200 663 306 728; x_wconf 90' lang='lat' dir='ltr'>patiens</span> <span class='ocrx_word' id='word_1_25' title='bbox 319 679 435 731; x_wconf 89' lang='lat' dir='ltr'>operum</span> <span class='ocrx_word' id='word_1_26' title='bbox 449 664 602 734; x_wconf 84' lang='lat' dir='ltr'>exiguoque</span> <span class='ocrx_word' id='word_1_27' title='bbox 616 664 730 720; x_wconf 87' lang='lat' dir='ltr'>adsueta</span> <span class='ocrx_word' id='word_1_28' title='bbox 741 667 879 736; x_wconf 86' lang='lat' dir='ltr'>iuventus,</span> 
     </span>
     <span class='ocr_line' id='line_1_6' title="bbox 150 747 898 822; baseline 0.009 -21"><span class='ocrx_word' id='word_1_29' title='bbox 150 747 237 802; x_wconf 87' lang='lat' dir='ltr'>Sacra</span> <span class='ocrx_word' id='word_1_30' title='bbox 249 749 339 818; x_wconf 91' lang='lat' dir='ltr'>deum,</span> <span class='ocrx_word' id='word_1_31' title='bbox 354 751 495 819; x_wconf 78' lang='lat' dir='ltr'>sanctique</span> <span class='ocrx_word' id='word_1_32' title='bbox 508 757 615 820; x_wconf 89' lang='lat' dir='ltr'>patres;</span> <span class='ocrx_word' id='word_1_33' title='bbox 636 757 760 806; x_wconf 82' lang='lat' dir='ltr'>extrema</span> <span class='ocrx_word' id='word_1_34' title='bbox 773 769 822 822; x_wconf 87' lang='lat' dir='ltr'>per</span> <span class='ocrx_word' id='word_1_35' title='bbox 834 753 898 808; x_wconf 83' lang='lat' dir='ltr'>illos</span> 
     </span>
     <span class='ocr_line' id='line_1_7' title="bbox 150 835 722 904; baseline 0.012 -18"><span class='ocrx_word' id='word_1_36' title='bbox 150 835 263 890; x_wconf 88' lang='lat' dir='ltr'>Iustitia</span> <span class='ocrx_word' id='word_1_37' title='bbox 275 837 412 891; x_wconf 83' lang='lat' dir='ltr'>excedens</span> <span class='ocrx_word' id='word_1_38' title='bbox 424 838 506 891; x_wconf 86' lang='lat' dir='ltr'>terris</span> <span class='ocrx_word' id='word_1_39' title='bbox 519 839 634 904; x_wconf 74' lang='lat' dir='ltr'>vestigia</span> <span class='ocrx_word' id='word_1_40' title='bbox 647 839 722 894; x_wconf 86' lang='lat' dir='ltr'>fecit.</span> 
     </span>
    </p>

    <p class='ocr_par' dir='ltr' id='par_1_4' title="bbox 145 921 940 2829">
     <span class='ocr_line' id='line_1_8' title="bbox 186 921 846 996; baseline 0.011 -21"><span class='ocrx_word' id='word_1_41' title='bbox 186 921 232 975; x_wconf 84' lang='lat' dir='ltr'>Me</span> <span class='ocrx_word' id='word_1_42' title='bbox 246 940 311 977; x_wconf 89' lang='lat' dir='ltr'>vero</span> <span class='ocrx_word' id='word_1_43' title='bbox 322 925 441 993; x_wconf 90' lang='lat' dir='ltr'>primum</span> <span class='ocrx_word' id='word_1_44' title='bbox 454 924 548 978; x_wconf 92' lang='lat' dir='ltr'>dulces</span> <span class='ocrx_word' id='word_1_45' title='bbox 560 931 625 978; x_wconf 89' lang='lat' dir='ltr'>ante</span> <span class='ocrx_word' id='word_1_46' title='bbox 638 926 731 980; x_wconf 88' lang='lat' dir='ltr'>omnia</span> <span class='ocrx_word' id='word_1_47' title='bbox 743 926 846 996; x_wconf 85' lang='lat' dir='ltr'>Musae,</span> 
     </span>
     <span class='ocr_line' id='line_1_9' title="bbox 150 1009 832 1082; baseline 0.013 -21"><span class='ocrx_word' id='word_1_48' title='bbox 150 1009 274 1074; x_wconf 83' lang='lat' dir='ltr'>Quarum</span> <span class='ocrx_word' id='word_1_49' title='bbox 288 1027 366 1065; x_wconf 86' lang='lat' dir='ltr'>sacra</span> <span class='ocrx_word' id='word_1_50' title='bbox 378 1012 437 1065; x_wconf 88' lang='lat' dir='ltr'>fero</span> <span class='ocrx_word' id='word_1_51' title='bbox 451 1012 557 1080; x_wconf 79' lang='lat' dir='ltr'>ingenti</span> <span class='ocrx_word' id='word_1_52' title='bbox 571 1029 717 1082; x_wconf 87' lang='lat' dir='ltr'>percussus</span> <span class='ocrx_word' id='word_1_53' title='bbox 730 1031 832 1082; x_wconf 89' lang='lat' dir='ltr'>amore,</span> 
     </span>
     <span class='ocr_line' id='line_1_10' title="bbox 149 1098 840 1170; baseline 0.013 -22"><span class='ocrx_word' id='word_1_54' title='bbox 149 1098 308 1166; x_wconf 75' lang='lat' dir='ltr'>Accipiunt,</span> <span class='ocrx_word' id='word_1_55' title='bbox 323 1098 447 1167; x_wconf 88' lang='lat' dir='ltr'>caelique</span> <span class='ocrx_word' id='word_1_56' title='bbox 460 1099 519 1154; x_wconf 84' lang='lat' dir='ltr'>vias</span> <span class='ocrx_word' id='word_1_57' title='bbox 532 1107 560 1153; x_wconf 90' lang='lat' dir='ltr'>et</span> <span class='ocrx_word' id='word_1_58' title='bbox 573 1100 663 1154; x_wconf 88' lang='lat' dir='ltr'>sidera</span> <span class='ocrx_word' id='word_1_59' title='bbox 674 1109 840 1170; x_wconf 82' lang='lat' dir='ltr'>monstrent,</span> 
     </span>
     <span class='ocr_line' id='line_1_11' title="bbox 148 1184 762 1257; baseline 0.008 -20"><span class='ocrx_word' id='word_1_60' title='bbox 148 1184 284 1238; x_wconf 84' lang='lat' dir='ltr'>Defectus</span> <span class='ocrx_word' id='word_1_61' title='bbox 296 1186 362 1239; x_wconf 91' lang='lat' dir='ltr'>solis</span> <span class='ocrx_word' id='word_1_62' title='bbox 375 1189 474 1253; x_wconf 89' lang='lat' dir='ltr'>varios,</span> <span class='ocrx_word' id='word_1_63' title='bbox 488 1186 623 1256; x_wconf 91' lang='lat' dir='ltr'>lunaeque</span> <span class='ocrx_word' id='word_1_64' title='bbox 636 1188 762 1257; x_wconf 79' lang='lat' dir='ltr'>labores3</span> 
     </span>
     <span class='ocr_line' id='line_1_12' title="bbox 149 1271 899 1343; baseline 0.008 -19"><span class='ocrx_word' id='word_1_65' title='bbox 149 1271 232 1325; x_wconf 88' lang='lat' dir='ltr'>Unde</span> <span class='ocrx_word' id='word_1_66' title='bbox 244 1279 350 1326; x_wconf 85' lang='lat' dir='ltr'>tremor</span> <span class='ocrx_word' id='word_1_67' title='bbox 362 1274 451 1342; x_wconf 86' lang='lat' dir='ltr'>terris,</span> <span class='ocrx_word' id='word_1_68' title='bbox 467 1276 560 1343; x_wconf 90' lang='lat' dir='ltr'>quavi</span> <span class='ocrx_word' id='word_1_69' title='bbox 575 1276 662 1330; x_wconf 86' lang='lat' dir='ltr'>maria</span> <span class='ocrx_word' id='word_1_70' title='bbox 674 1277 731 1330; x_wconf 79' lang='lat' dir='ltr'>alta</span> <span class='ocrx_word' id='word_1_71' title='bbox 743 1283 899 1332; x_wconf 87' lang='lat' dir='ltr'>tumescant</span> 
     </span>
     <span class='ocr_line' id='line_1_13' title="bbox 149 1357 842 1432; baseline 0.009 -20"><span class='ocrx_word' id='word_1_72' title='bbox 149 1357 285 1412; x_wconf 87' lang='lat' dir='ltr'>Obicibus</span> <span class='ocrx_word' id='word_1_73' title='bbox 297 1361 385 1429; x_wconf 87' lang='lat' dir='ltr'>ruptis</span> <span class='ocrx_word' id='word_1_74' title='bbox 397 1377 545 1430; x_wconf 80' lang='lat' dir='ltr'>rursusque</span> <span class='ocrx_word' id='word_1_75' title='bbox 557 1363 587 1415; x_wconf 90' lang='lat' dir='ltr'>in</span> <span class='ocrx_word' id='word_1_76' title='bbox 600 1379 628 1416; x_wconf 91' lang='lat' dir='ltr'>se</span> <span class='ocrx_word' id='word_1_77' title='bbox 641 1364 701 1432; x_wconf 92' lang='lat' dir='ltr'>ipsa</span> <span class='ocrx_word' id='word_1_78' title='bbox 713 1363 842 1431; x_wconf 88' lang='lat' dir='ltr'>residant,</span> 
     </span>
     <span class='ocr_line' id='line_1_14' title="bbox 150 1444 882 1518; baseline 0.01 -21"><span class='ocrx_word' id='word_1_79' title='bbox 150 1444 223 1510; x_wconf 82' lang='lat' dir='ltr'>Quid</span> <span class='ocrx_word' id='word_1_80' title='bbox 237 1451 345 1499; x_wconf 87' lang='lat' dir='ltr'>tantum</span> <span class='ocrx_word' id='word_1_81' title='bbox 360 1445 472 1502; x_wconf 89' lang='lat' dir='ltr'>Oceano</span> <span class='ocrx_word' id='word_1_82' title='bbox 486 1455 636 1517; x_wconf 86' lang='lat' dir='ltr'>properent</span> <span class='ocrx_word' id='word_1_83' title='bbox 648 1466 677 1503; x_wconf 92' lang='lat' dir='ltr'>se</span> <span class='ocrx_word' id='word_1_84' title='bbox 690 1451 798 1518; x_wconf 83' lang='lat' dir='ltr'>tingere</span> <span class='ocrx_word' id='word_1_85' title='bbox 810 1451 882 1504; x_wconf 88' lang='lat' dir='ltr'>soles</span> 
     </span>
     <span class='ocr_line' id='line_1_15' title="bbox 148 1533 861 1603; baseline 0.01 -18"><span class='ocrx_word' id='word_1_86' title='bbox 148 1533 277 1602; x_wconf 89' lang='lat' dir='ltr'>Hiberni,</span> <span class='ocrx_word' id='word_1_87' title='bbox 292 1534 335 1588; x_wconf 91' lang='lat' dir='ltr'>vel</span> <span class='ocrx_word' id='word_1_88' title='bbox 350 1551 419 1603; x_wconf 87' lang='lat' dir='ltr'>quae</span> <span class='ocrx_word' id='word_1_89' title='bbox 432 1535 519 1590; x_wconf 86' lang='lat' dir='ltr'>tardis</span> <span class='ocrx_word' id='word_1_90' title='bbox 532 1553 610 1591; x_wconf 83' lang='lat' dir='ltr'>mora</span> <span class='ocrx_word' id='word_1_91' title='bbox 622 1539 750 1592; x_wconf 91' lang='lat' dir='ltr'>noctibus</span> <span class='ocrx_word' id='word_1_92' title='bbox 762 1540 861 1592; x_wconf 87' lang='lat' dir='ltr'>obstet.</span> 
     </span>
     <span class='ocr_line' id='line_1_16' title="bbox 148 1620 814 1694; baseline 0.006 -20"><span class='ocrx_word' id='word_1_93' title='bbox 148 1620 208 1689; x_wconf 87' lang='lat' dir='ltr'>Sin,</span> <span class='ocrx_word' id='word_1_94' title='bbox 222 1621 272 1674; x_wconf 89' lang='lat' dir='ltr'>has</span> <span class='ocrx_word' id='word_1_95' title='bbox 284 1638 320 1674; x_wconf 92' lang='lat' dir='ltr'>ne</span> <span class='ocrx_word' id='word_1_96' title='bbox 332 1623 434 1690; x_wconf 89' lang='lat' dir='ltr'>possim</span> <span class='ocrx_word' id='word_1_97' title='bbox 447 1631 563 1678; x_wconf 75' lang='lat' dir='ltr'>natiuae</span> <span class='ocrx_word' id='word_1_98' title='bbox 576 1625 708 1679; x_wconf 89' lang='lat' dir='ltr'>accedere</span> <span class='ocrx_word' id='word_1_99' title='bbox 720 1627 814 1694; x_wconf 87' lang='lat' dir='ltr'>partis,</span> 
     </span>
     <span class='ocr_line' id='line_1_17' title="bbox 146 1707 860 1781; baseline 0.008 -19"><span class='ocrx_word' id='word_1_100' title='bbox 146 1707 279 1776; x_wconf 81' lang='lat' dir='ltr'>Frigidus</span> <span class='ocrx_word' id='word_1_101' title='bbox 292 1709 432 1762; x_wconf 86' lang='lat' dir='ltr'>obstiterit</span> <span class='ocrx_word' id='word_1_102' title='bbox 445 1711 547 1764; x_wconf 88' lang='lat' dir='ltr'>circum</span> <span class='ocrx_word' id='word_1_103' title='bbox 562 1712 722 1780; x_wconf 85' lang='lat' dir='ltr'>praecordia</span> <span class='ocrx_word' id='word_1_104' title='bbox 735 1714 860 1781; x_wconf 86' lang='lat' dir='ltr'>sanguis:</span> 
     </span>
     <span class='ocr_line' id='line_1_18' title="bbox 147 1795 867 1867; baseline 0.01 -19"><span class='ocrx_word' id='word_1_105' title='bbox 147 1795 227 1849; x_wconf 88' lang='lat' dir='ltr'>Rure</span> <span class='ocrx_word' id='word_1_106' title='bbox 239 1795 306 1848; x_wconf 90' lang='lat' dir='ltr'>mihi</span> <span class='ocrx_word' id='word_1_107' title='bbox 321 1803 349 1850; x_wconf 91' lang='lat' dir='ltr'>et</span> <span class='ocrx_word' id='word_1_108' title='bbox 362 1797 432 1866; x_wconf 79' lang='lat' dir='ltr'>rigui</span> <span class='ocrx_word' id='word_1_109' title='bbox 446 1798 576 1867; x_wconf 88' lang='lat' dir='ltr'>placeant</span> <span class='ocrx_word' id='word_1_110' title='bbox 585 1800 614 1852; x_wconf 92' lang='lat' dir='ltr'>in</span> <span class='ocrx_word' id='word_1_111' title='bbox 627 1800 743 1854; x_wconf 86' lang='lat' dir='ltr'>vallibus</span> <span class='ocrx_word' id='word_1_112' title='bbox 756 1817 867 1866; x_wconf 79' lang='lat' dir='ltr'>amnes3</span> 
     </span>
     <span class='ocr_line' id='line_1_19' title="bbox 146 1882 915 1957; baseline 0.008 -22"><span class='ocrx_word' id='word_1_113' title='bbox 146 1882 277 1936; x_wconf 86' lang='lat' dir='ltr'>Flumina</span> <span class='ocrx_word' id='word_1_114' title='bbox 289 1899 377 1936; x_wconf 89' lang='lat' dir='ltr'>amem</span> <span class='ocrx_word' id='word_1_115' title='bbox 392 1884 526 1955; x_wconf 85' lang='lat' dir='ltr'>silvasque</span> <span class='ocrx_word' id='word_1_116' title='bbox 538 1887 680 1955; x_wconf 81' lang='lat' dir='ltr'>inglorius.</span> <span class='ocrx_word' id='word_1_117' title='bbox 719 1887 751 1955; x_wconf 90' lang='lat'>0,</span> <span class='ocrx_word' id='word_1_118' title='bbox 766 1888 813 1940; x_wconf 93' lang='lat' dir='ltr'>ubi</span> <span class='ocrx_word' id='word_1_119' title='bbox 827 1888 915 1957; x_wconf 82' lang='lat' dir='ltr'>cuiupi</span> 
     </span>
     <span class='ocr_line' id='line_1_20' title="bbox 147 1970 864 2043; baseline 0.007 -19"><span class='ocrx_word' id='word_1_120' title='bbox 147 1970 365 2043; x_wconf 87' lang='lat' dir='ltr'>Spercheosque,</span> <span class='ocrx_word' id='word_1_121' title='bbox 380 1980 408 2028; x_wconf 89' lang='lat' dir='ltr'>et</span> <span class='ocrx_word' id='word_1_122' title='bbox 421 1974 573 2043; x_wconf 83' lang='lat' dir='ltr'>virginibus</span> <span class='ocrx_word' id='word_1_123' title='bbox 585 1974 719 2029; x_wconf 87' lang='lat' dir='ltr'>bacchata</span> <span class='ocrx_word' id='word_1_124' title='bbox 731 1975 864 2030; x_wconf 79' lang='lat' dir='ltr'>Lacaenis</span> 
     </span>
     <span class='ocr_line' id='line_1_21' title="bbox 146 2058 853 2130; baseline 0.008 -20"><span class='ocrx_word' id='word_1_125' title='bbox 146 2058 284 2127; x_wconf 76' lang='lat' dir='ltr'>Taygeta!</span> <span class='ocrx_word' id='word_1_126' title='bbox 306 2077 331 2128; x_wconf 94' lang='lat' dir='ltr'>o,</span> <span class='ocrx_word' id='word_1_127' title='bbox 347 2062 392 2130; x_wconf 92' lang='lat' dir='ltr'>qui</span> <span class='ocrx_word' id='word_1_128' title='bbox 405 2077 449 2114; x_wconf 88' lang='lat' dir='ltr'>me</span> <span class='ocrx_word' id='word_1_129' title='bbox 461 2061 559 2129; x_wconf 85' lang='lat' dir='ltr'>gelidis</span> <span class='ocrx_word' id='word_1_130' title='bbox 572 2061 742 2116; x_wconf 87' lang='lat' dir='ltr'>convallibus</span> <span class='ocrx_word' id='word_1_131' title='bbox 754 2062 853 2116; x_wconf 85' lang='lat' dir='ltr'>Haemi</span> 
     </span>
     <span class='ocr_line' id='line_1_22' title="bbox 146 2145 820 2216; baseline 0.009 -18"><span class='ocrx_word' id='word_1_132' title='bbox 146 2145 241 2213; x_wconf 85' lang='lat' dir='ltr'>Sistat,</span> <span class='ocrx_word' id='word_1_133' title='bbox 257 2154 285 2200; x_wconf 94' lang='lat' dir='ltr'>et</span> <span class='ocrx_word' id='word_1_134' title='bbox 298 2147 403 2216; x_wconf 84' lang='lat' dir='ltr'>ingenti</span> <span class='ocrx_word' id='word_1_135' title='bbox 414 2165 554 2202; x_wconf 83' lang='lat' dir='ltr'>ramorum</span> <span class='ocrx_word' id='word_1_136' title='bbox 569 2155 696 2216; x_wconf 87' lang='lat' dir='ltr'>protegat</span> <span class='ocrx_word' id='word_1_137' title='bbox 708 2150 820 2204; x_wconf 74' lang='lat' dir='ltr'>umbrat</span> 
     </span>
     <span class='ocr_line' id='line_1_23' title="bbox 146 2232 797 2305; baseline 0.008 -20"><span class='ocrx_word' id='word_1_138' title='bbox 146 2232 234 2302; x_wconf 82' lang='lat' dir='ltr'>Felix,</span> <span class='ocrx_word' id='word_1_139' title='bbox 250 2234 296 2302; x_wconf 92' lang='lat' dir='ltr'>qui</span> <span class='ocrx_word' id='word_1_140' title='bbox 309 2236 402 2304; x_wconf 89' lang='lat' dir='ltr'>potuit</span> <span class='ocrx_word' id='word_1_141' title='bbox 414 2252 504 2289; x_wconf 84' lang='lat' dir='ltr'>rerum</span> <span class='ocrx_word' id='word_1_142' title='bbox 518 2251 681 2304; x_wconf 86' lang='lat' dir='ltr'>cognoscere</span> <span class='ocrx_word' id='word_1_143' title='bbox 695 2253 797 2305; x_wconf 89' lang='lat' dir='ltr'>causas,</span> 
     </span>
     <span class='ocr_line' id='line_1_24' title="bbox 146 2321 770 2391; baseline 0.005 -18"><span class='ocrx_word' id='word_1_144' title='bbox 146 2321 242 2391; x_wconf 91' lang='lat' dir='ltr'>Atque</span> <span class='ocrx_word' id='word_1_145' title='bbox 255 2329 345 2376; x_wconf 90' lang='lat' dir='ltr'>metus</span> <span class='ocrx_word' id='word_1_146' title='bbox 357 2324 447 2376; x_wconf 91' lang='lat' dir='ltr'>omnis</span> <span class='ocrx_word' id='word_1_147' title='bbox 460 2329 489 2378; x_wconf 91' lang='lat' dir='ltr'>et</span> <span class='ocrx_word' id='word_1_148' title='bbox 501 2323 669 2377; x_wconf 80' lang='lat' dir='ltr'>inexorabile</span> <span class='ocrx_word' id='word_1_149' title='bbox 682 2324 770 2377; x_wconf 86' lang='lat' dir='ltr'>fatum</span> 
     </span>
     <span class='ocr_line' id='line_1_25' title="bbox 145 2409 898 2479; baseline 0.007 -17"><span class='ocrx_word' id='word_1_150' title='bbox 145 2409 271 2463; x_wconf 89' lang='lat' dir='ltr'>Subiecit</span> <span class='ocrx_word' id='word_1_151' title='bbox 284 2410 400 2478; x_wconf 90' lang='lat' dir='ltr'>pedibus</span> <span class='ocrx_word' id='word_1_152' title='bbox 412 2411 613 2479; x_wconf 84' lang='lat' dir='ltr'>strepitumque</span> <span class='ocrx_word' id='word_1_153' title='bbox 626 2411 794 2465; x_wconf 87' lang='lat' dir='ltr'>Acherontis</span> <span class='ocrx_word' id='word_1_154' title='bbox 806 2413 898 2468; x_wconf 76' lang='lat' dir='ltr'>avari!</span> 
     </span>
     <span class='ocr_line' id='line_1_26' title="bbox 145 2496 793 2566; baseline 0.005 -17"><span class='ocrx_word' id='word_1_155' title='bbox 145 2496 316 2551; x_wconf 84' lang='lat' dir='ltr'>Fortunatus</span> <span class='ocrx_word' id='word_1_156' title='bbox 329 2504 358 2550; x_wconf 90' lang='lat' dir='ltr'>et</span> <span class='ocrx_word' id='word_1_157' title='bbox 369 2497 423 2566; x_wconf 92' lang='lat' dir='ltr'>ille,</span> <span class='ocrx_word' id='word_1_158' title='bbox 438 2498 505 2552; x_wconf 89' lang='lat' dir='ltr'>deos</span> <span class='ocrx_word' id='word_1_159' title='bbox 518 2499 564 2566; x_wconf 90' lang='lat' dir='ltr'>qui</span> <span class='ocrx_word' id='word_1_160' title='bbox 577 2500 656 2552; x_wconf 86' lang='lat' dir='ltr'>novit</span> <span class='ocrx_word' id='word_1_161' title='bbox 669 2500 793 2566; x_wconf 84' lang='lat' dir='ltr'>agrestis,</span> 
     </span>
     <span class='ocr_line' id='line_1_27' title="bbox 145 2585 940 2656; baseline 0.008 -19"><span class='ocrx_word' id='word_1_162' title='bbox 145 2585 278 2654; x_wconf 90' lang='lat' dir='ltr'>Panaque</span> <span class='ocrx_word' id='word_1_163' title='bbox 292 2585 488 2654; x_wconf 84' lang='lat' dir='ltr'>Silvanumque</span> <span class='ocrx_word' id='word_1_164' title='bbox 501 2602 594 2642; x_wconf 89' lang='lat' dir='ltr'>senem</span> <span class='ocrx_word' id='word_1_165' title='bbox 608 2586 636 2639; x_wconf 88' lang='lat' dir='ltr'>N</span> <span class='ocrx_word' id='word_1_166' title='bbox 637 2588 805 2656; x_wconf 84' lang='lat' dir='ltr'>ymphasque</span> <span class='ocrx_word' id='word_1_167' title='bbox 818 2590 940 2644; x_wconf 82' lang='lat' dir='ltr'>sorores!</span> 
     </span>
     <span class='ocr_line' id='line_1_28' title="bbox 145 2671 832 2743; baseline 0.006 -19"><span class='ocrx_word' id='word_1_168' title='bbox 145 2672 228 2725; x_wconf 87' lang='lat' dir='ltr'>illum</span> <span class='ocrx_word' id='word_1_169' title='bbox 242 2689 298 2724; x_wconf 91' lang='lat' dir='ltr'>non</span> <span class='ocrx_word' id='word_1_170' title='bbox 312 2671 408 2741; x_wconf 93' lang='lat' dir='ltr'>populi</span> <span class='ocrx_word' id='word_1_171' title='bbox 421 2673 517 2740; x_wconf 83' lang='lat' dir='ltr'>fasces,</span> <span class='ocrx_word' id='word_1_172' title='bbox 532 2690 589 2727; x_wconf 91' lang='lat' dir='ltr'>non</span> <span class='ocrx_word' id='word_1_173' title='bbox 602 2691 724 2743; x_wconf 88' lang='lat' dir='ltr'>purpura</span> <span class='ocrx_word' id='word_1_174' title='bbox 737 2692 832 2742; x_wconf 83' lang='lat' dir='ltr'>regum</span> 
     </span>
     <span class='ocr_line' id='line_1_29' title="bbox 145 2759 777 2829; baseline 0.008 -18"><span class='ocrx_word' id='word_1_175' title='bbox 145 2759 237 2813; x_wconf 74' lang='lat' dir='ltr'>llexit</span> <span class='ocrx_word' id='word_1_176' title='bbox 249 2765 278 2814; x_wconf 89' lang='lat' dir='ltr'>et</span> <span class='ocrx_word' id='word_1_177' title='bbox 290 2759 390 2813; x_wconf 85' lang='lat' dir='ltr'>infidos</span> <span class='ocrx_word' id='word_1_178' title='bbox 403 2760 510 2828; x_wconf 84' lang='lat' dir='ltr'>agitans</span> <span class='ocrx_word' id='word_1_179' title='bbox 521 2760 658 2816; x_wconf 89' lang='lat' dir='ltr'>discordia</span> <span class='ocrx_word' id='word_1_180' title='bbox 670 2762 777 2829; x_wconf 86' lang='lat' dir='ltr'>fratres,</span> 
     </span>
    </p>

    <p class='ocr_par' dir='ltr' id='par_1_5' title="bbox 145 2846 813 2915">
     <span class='ocr_line' id='line_1_30' title="bbox 145 2846 813 2915; baseline 0.004 -16"><span class='ocrx_word' id='word_1_181' title='bbox 145 2846 204 2900; x_wconf 85' lang='lat' dir='ltr'>Aut</span> <span class='ocrx_word' id='word_1_182' title='bbox 217 2847 362 2901; x_wconf 87' lang='lat' dir='ltr'>coniurato</span> <span class='ocrx_word' id='word_1_183' title='bbox 375 2847 545 2902; x_wconf 89' lang='lat' dir='ltr'>descendens</span> <span class='ocrx_word' id='word_1_184' title='bbox 557 2847 650 2902; x_wconf 88' lang='lat' dir='ltr'>Dacus</span> <span class='ocrx_word' id='word_1_185' title='bbox 663 2850 696 2903; x_wconf 91' lang='lat' dir='ltr'>ab</span> <span class='ocrx_word' id='word_1_186' title='bbox 710 2849 813 2915; x_wconf 87' lang='lat' dir='ltr'>Histro,</span> 
     </span>
    </p>

    <p class='ocr_par' dir='ltr' id='par_1_6' title="bbox 144 2932 892 3440">
     <span class='ocr_line' id='line_1_31' title="bbox 145 2932 892 3005; baseline 0.005 -19"><span class='ocrx_word' id='word_1_187' title='bbox 145 2932 172 2986; x_wconf 87' lang='lat' dir='ltr'>N</span> <span class='ocrx_word' id='word_1_188' title='bbox 173 2951 209 2987; x_wconf 94' lang='lat' dir='ltr'>on</span> <span class='ocrx_word' id='word_1_189' title='bbox 223 2951 268 2988; x_wconf 87' lang='lat' dir='ltr'>res</span> <span class='ocrx_word' id='word_1_190' title='bbox 280 2932 423 2988; x_wconf 87' lang='lat' dir='ltr'>Romanae</span> <span class='ocrx_word' id='word_1_191' title='bbox 436 2935 611 3004; x_wconf 83' lang='lat' dir='ltr'>perituraque</span> <span class='ocrx_word' id='word_1_192' title='bbox 624 2953 724 3004; x_wconf 82' lang='lat' dir='ltr'>regna3</span> <span class='ocrx_word' id='word_1_193' title='bbox 744 2953 833 3005; x_wconf 91' lang='lat' dir='ltr'>neque</span> <span class='ocrx_word' id='word_1_194' title='bbox 847 2937 892 2990; x_wconf 90' lang='lat' dir='ltr'>ille</span> 
     </span>
     <span class='ocr_line' id='line_1_32' title="bbox 145 3021 892 3090; baseline 0.007 -17"><span class='ocrx_word' id='word_1_195' title='bbox 145 3021 203 3074; x_wconf 78' lang='lat' dir='ltr'>Aut</span> <span class='ocrx_word' id='word_1_196' title='bbox 216 3021 306 3074; x_wconf 91' lang='lat' dir='ltr'>doluit</span> <span class='ocrx_word' id='word_1_197' title='bbox 318 3023 451 3075; x_wconf 85' lang='lat' dir='ltr'>miserans</span> <span class='ocrx_word' id='word_1_198' title='bbox 464 3022 582 3090; x_wconf 90' lang='lat' dir='ltr'>inopem,</span> <span class='ocrx_word' id='word_1_199' title='bbox 597 3027 644 3076; x_wconf 89' lang='lat' dir='ltr'>aut</span> <span class='ocrx_word' id='word_1_200' title='bbox 657 3023 758 3076; x_wconf 85' lang='lat' dir='ltr'>invidit</span> <span class='ocrx_word' id='word_1_201' title='bbox 770 3024 892 3078; x_wconf 90' lang='lat' dir='ltr'>habenti.</span> 
     </span>
     <span class='ocr_line' id='line_1_33' title="bbox 145 3105 799 3178; baseline 0.006 -18"><span class='ocrx_word' id='word_1_202' title='bbox 145 3105 221 3172; x_wconf 84' lang='lat' dir='ltr'>Quos</span> <span class='ocrx_word' id='word_1_203' title='bbox 233 3109 303 3162; x_wconf 89' lang='lat' dir='ltr'>rami</span> <span class='ocrx_word' id='word_1_204' title='bbox 316 3109 432 3176; x_wconf 79' lang='lat' dir='ltr'>fructus,</span> <span class='ocrx_word' id='word_1_205' title='bbox 449 3125 517 3177; x_wconf 86' lang='lat' dir='ltr'>quos</span> <span class='ocrx_word' id='word_1_206' title='bbox 529 3109 588 3178; x_wconf 89' lang='lat' dir='ltr'>ipsa</span> <span class='ocrx_word' id='word_1_207' title='bbox 600 3109 721 3164; x_wconf 89' lang='lat' dir='ltr'>volentia</span> <span class='ocrx_word' id='word_1_208' title='bbox 733 3127 799 3164; x_wconf 89' lang='lat' dir='ltr'>rura</span> 
     </span>
     <span class='ocr_line' id='line_1_34' title="bbox 144 3194 789 3265; baseline 0.006 -18"><span class='ocrx_word' id='word_1_209' title='bbox 144 3194 249 3263; x_wconf 88' lang='lat' dir='ltr'>Sponte</span> <span class='ocrx_word' id='word_1_210' title='bbox 262 3196 352 3249; x_wconf 89' lang='lat' dir='ltr'>tulere</span> <span class='ocrx_word' id='word_1_211' title='bbox 365 3212 421 3264; x_wconf 90' lang='lat' dir='ltr'>sua,</span> <span class='ocrx_word' id='word_1_212' title='bbox 437 3196 546 3265; x_wconf 82' lang='lat' dir='ltr'>carpsit,</span> <span class='ocrx_word' id='word_1_213' title='bbox 562 3213 613 3250; x_wconf 91' lang='lat' dir='ltr'>neo</span> <span class='ocrx_word' id='word_1_214' title='bbox 626 3197 716 3250; x_wconf 85' lang='lat' dir='ltr'>ferrea</span> <span class='ocrx_word' id='word_1_215' title='bbox 728 3198 789 3251; x_wconf 89' lang='lat' dir='ltr'>iura</span> 
     </span>
     <span class='ocr_line' id='line_1_35' title="bbox 145 3281 841 3352; baseline 0.007 -18"><span class='ocrx_word' id='word_1_216' title='bbox 145 3281 330 3351; x_wconf 87' lang='lat' dir='ltr'>Insanumque</span> <span class='ocrx_word' id='word_1_217' title='bbox 343 3283 433 3336; x_wconf 87' lang='lat' dir='ltr'>forum</span> <span class='ocrx_word' id='word_1_218' title='bbox 447 3288 495 3337; x_wconf 85' lang='lat' dir='ltr'>aut</span> <span class='ocrx_word' id='word_1_219' title='bbox 506 3284 601 3352; x_wconf 91' lang='lat' dir='ltr'>populi</span> <span class='ocrx_word' id='word_1_220' title='bbox 614 3283 751 3338; x_wconf 85' lang='lat' dir='ltr'>tabularia</span> <span class='ocrx_word' id='word_1_221' title='bbox 763 3284 841 3340; x_wconf 88' lang='lat' dir='ltr'>vidit.</span> 
     </span>
     <span class='ocr_line' id='line_1_36' title="bbox 145 3367 793 3440; baseline 0.006 -18"><span class='ocrx_word' id='word_1_222' title='bbox 145 3367 300 3424; x_wconf 84' lang='lat' dir='ltr'>Sollicitant</span> <span class='ocrx_word' id='word_1_223' title='bbox 313 3368 358 3423; x_wconf 86' lang='lat' dir='ltr'>alii</span> <span class='ocrx_word' id='word_1_224' title='bbox 373 3370 456 3422; x_wconf 89' lang='lat' dir='ltr'>remis</span> <span class='ocrx_word' id='word_1_225' title='bbox 468 3369 541 3424; x_wconf 76' lang='lat' dir='ltr'>freta</span> <span class='ocrx_word' id='word_1_226' title='bbox 553 3387 641 3437; x_wconf 84' lang='lat' dir='ltr'>caeca,</span> <span class='ocrx_word' id='word_1_227' title='bbox 656 3377 793 3440; x_wconf 89' lang='lat' dir='ltr'>ruuntque</span> 
     </span>
    </p>

    <p class='ocr_par' dir='ltr' id='par_1_7' title="bbox 145 3453 827 3526">
     <span class='ocr_line' id='line_1_37' title="bbox 145 3453 827 3526; baseline 0.009 -20"><span class='ocrx_word' id='word_1_228' title='bbox 145 3453 176 3507; x_wconf 90' lang='lat' dir='ltr'>ln</span> <span class='ocrx_word' id='word_1_229' title='bbox 189 3457 301 3523; x_wconf 80' lang='lat' dir='ltr'>ferrum,</span> <span class='ocrx_word' id='word_1_230' title='bbox 316 3461 464 3525; x_wconf 85' lang='lat' dir='ltr'>penetrant</span> <span class='ocrx_word' id='word_1_231' title='bbox 478 3457 553 3512; x_wconf 90' lang='lat' dir='ltr'>aulas</span> <span class='ocrx_word' id='word_1_232' title='bbox 566 3465 594 3512; x_wconf 92' lang='lat' dir='ltr'>et</span> <span class='ocrx_word' id='word_1_233' title='bbox 606 3458 702 3512; x_wconf 87' lang='lat' dir='ltr'>limina</span> <span class='ocrx_word' id='word_1_234' title='bbox 714 3473 827 3526; x_wconf 72' lang='lat' dir='ltr'>regum3</span> 
     </span>
    </p>

    <p class='ocr_par' dir='ltr' id='par_1_8' title="bbox 146 3542 841 3615">
     <span class='ocr_line' id='line_1_38' title="bbox 146 3542 841 3615; baseline 0.006 -19"><span class='ocrx_word' id='word_1_235' title='bbox 146 3542 194 3597; x_wconf 88' lang='lat' dir='ltr'>Hic</span> <span class='ocrx_word' id='word_1_236' title='bbox 206 3547 278 3615; x_wconf 89' lang='lat' dir='ltr'>petit</span> <span class='ocrx_word' id='word_1_237' title='bbox 291 3544 420 3598; x_wconf 83' lang='lat' dir='ltr'>exscidiis</span> <span class='ocrx_word' id='word_1_238' title='bbox 433 3545 526 3598; x_wconf 87' lang='lat' dir='ltr'>urbem</span> <span class='ocrx_word' id='word_1_239' title='bbox 540 3547 708 3614; x_wconf 88' lang='lat' dir='ltr'>miserosque</span> <span class='ocrx_word' id='word_1_240' title='bbox 721 3546 841 3614; x_wconf 79' lang='lat' dir='ltr'>Penatis,</span> 
     </span>
    </p>
   </div>
   <div class='ocr_carea' id='block_1_3' title="bbox 0 0 1372 3936">
    <p class='ocr_par' dir='ltr' id='par_1_9' title="bbox 0 0 1372 3936">
     <span class='ocr_line' id='line_1_39' title="bbox 0 0 1372 3936; baseline 0 2"><span class='ocrx_word' id='word_1_241' title='bbox 0 0 1372 3936; x_wconf 95' lang='lat' dir='ltr'> </span> 
     </span>
    </p>
   </div>
  </div>
 </body>
</html>
