2734 3936
469 261 607 311 VERGILI
629 262 758 314 ECLOGA
781 262 824 314 IX

536 517 688 574 ECLOGA
711 518 761 574 lX.

508 663 635 703 eremas.
666 648 784 702 'nonme

132 775 199 831 Lro.
221 775 284 842 Quo
297 780 336 842 te,
351 774 449 843 Moeri,
461 774 563 841 pedesl
582 791 625 844 an,
640 792 694 844 quo
705 774 751 828 via
762 774 846 844 ducit,
862 773 890 823 in
904 773 1018 830 urbemi

133 863 206 917 Mon.
226 864 251 916 Ο
264 862 379 929 Lycida,
395 861 452 914 vivi
464 863 649 929 pervenimus,
664 862 770 916 advena
782 863 878 930 nostri,

133 949 215 1014 Quod
226 965 383 1018 numquam
394 949 477 1002 veriti
490 964 592 1013 sumus,
605 954 636 1002 ut
647 965 791 1018 possessor
803 949 883 1018 agelli

132 1035 261 1090 Diceret:
283 1036 387 1090 “Haec
399 1053 461 1090 mea
473 1042 553 1104 sunt;
573 1042 683 1090 veteres
695 1037 811 1104 migrate
825 1037 943 1092 coloui.'’

133 1120 217 1174 Nunc
229 1122 305 1190 victi,
319 1123 422 1190 tristes,
437 1123 565 1191 quoniam
579 1123 647 1176 Fors
660 1125 754 1178 omnia
766 1129 866 1188 versat,

134 1209 195 1262 Hos
206 1208 360 1278 illi-quod
372 1226 425 1263 nec
437 1215 527 1263 vertat
540 1211 783 1264 bene-mittimus
795 1211 906 1264 haedos.

135 1296 203 1349 Luc.
224 1295 308 1350 Certe
321 1296 449 1366 equidem
462 1297 610 1364 audieram,
624 1313 678 1366 (ruo
690 1314 719 1350 se
732 1296 883 1350 subducere
896 1296 979 1350 colles

136 1383 284 1452 Incipiunt,
299 1383 430 1453 mollique
442 1384 535 1451 iugum
549 1383 694 1437 demittere
707 1383 787 1451 olivo,

137 1470 230 1538 Usque
243 1470 277 1524 ad
292 1487 391 1539 aquam
404 1475 432 1524 et
443 1470 545 1524 veteris
557 1470 612 1523 iam
626 1469 716 1523 fracta
728 1469 873 1523 cacumina
883 1467 963 1534 fagos

137 1557 240 1611 Omnia
252 1557 420 1612 carminibus
432 1564 554 1620 vestrum
568 1575 690 1612 servasse
702 1557 854 1612 Menalcan.
1122 1562 1155 1610 10

137 1643 210 1698 Mon.
230 1643 375 1711 liudierus,
390 1645 503 1698 etfama
515 1645 582 1712 fuit3
603 1645 651 1698 sed
664 1646 787 1700 carmina
799 1650 909 1700 tautum

139 1727 242 1785 Nostra
255 1731 355 1800 volent,
369 1731 480 1798 Lycida,
494 1731 551 1786 tela
563 1733 636 1786 inter
653 1732 760 1795 Martio,
776 1740 909 1800 quantum

138 1817 277 1872 Chaonius
288 1819 386 1873 dicunt
398 1819 488 1888 aquila
500 1819 629 1873 veniente
641 1819 790 1874 columbus.

138 1903 219 1970 Quod
232 1906 286 1959 nisi
298 1923 345 1959 me
357 1923 527 1975 quacumque
539 1922 625 1960 novas
637 1906 759 1961 incidere
767 1906 833 1960 lites

137 1991 214 2046 Ante
226 1993 339 2047 sinistra
351 2010 417 2046 cava
429 1993 581 2046 monuisset
593 1993 628 2047 ab
640 1993 702 2047 ilice
715 1995 819 2058 cornix,
1127 1997 1154 2047 15

51 2071 56 2079 ’
138 2078 198 2133 Nee
210 2085 276 2134 tuus
288 2079 333 2134 hic
346 2079 455 2146 Moeris,
469 2096 521 2134 uec
533 2080 640 2133 viveret
652 2081 711 2149 ipse
724 2081 868 2135 Menalcas.

138 2165 206 2221 Lro.
228 2166 298 2235 Heu,
313 2166 387 2220 cadit
399 2167 428 2219 in
441 2182 604 2236 quemquam
618 2171 728 2220 tantum
742 2167 847 2220 soelusl
866 2168 929 2236 heu,
944 2173 992 2221 tua
1005 2167 1084 2221 nobie

137 2252 228 2306 Paene
241 2253 323 2307 simul
339 2259 431 2308 tecum
444 2251 548 2307 solacia
558 2259 646 2322 rapta,
661 2252 803 2306 Menalcal

139 2340 208 2405 Quis
220 2346 332 2395 caneret
345 2339 507 2409 Nymphaei
527 2341 588 2409 quis
599 2340 716 2393 humum
728 2339 892 2394 florentibus
903 2340 996 2394 herbis

138 2425 294 2497 Spargeret,
309 2433 356 2481 ant
368 2428 451 2481 viridi
463 2429 548 2482 fontis
559 2427 702 2482 induceret
715 2428 828 2481 umbrat
1122 2431 1155 2481 20

138 2512 192 2566 Vel
206 2531 275 2583 quae
287 2514 393 2582 sublegi
405 2515 505 2569 tacitus
517 2516 569 2568 tibi
583 2517 705 2569 carmina
717 2531 813 2583 nuper,

138 2599 208 2654 (lum
220 2605 250 2654 te
263 2600 298 2655 ad
310 2601 421 2655 delicias
433 2602 527 2670 ferres,
543 2601 724 2667 Amaryllida,
737 2602 866 2655 nostrast

139 2685 266 2756 “Tityre,
280 2686 345 2740 dum
359 2687 568 2742 redeo-brevis
580 2696 623 2742 est
635 2689 795 2756 viu-pasce
808 2688 932 2756 capellas,

137 2772 173 2826 Et
185 2779 283 2842 potum
296 2783 390 2843 pastas
402 2791 459 2843 ugo,
474 2775 576 2842 Tityre,
592 2783 620 2828 et
633 2775 852 2844 interagendum

138 2859 288 2915 Occursare
301 2878 515 2930 cupro—cornu
528 2862 596 2916 terit
608 2862 826 2930 ille,-euvet0.’'
1120 2867 1152 2918 25

137 2946 210 3002 Mon.
231 2949 320 3003 Immo
333 2949 409 3025 haee,
424 2966 492 3017 quae
505 2949 583 3004 Varo
595 2950 711 3003 necdum
726 2951 849 3018 perfecta
863 2950 993 3004 canebat:

139 3037 155 3064 “
168 3035 249 3104 Varo,
263 3041 342 3090 tuum
354 3053 464 3104 nomeu,
479 3042 591 3104 superet
603 3037 686 3091 modo
699 3036 813 3092 Mantua
826 3037 913 3105 nobis,

137 3120 257 3192 Mantua,
272 3140 330 3190 vae,
345 3123 462 3176 miserae
476 3124 592 3176 nimium
606 3123 697 3178 vicina
710 3124 871 3192 Oremonee,

138 3208 287 3266 Cantantes
300 3210 417 3264 sublime
429 3209 521 3262 ferent
534 3211 568 3263 ad
582 3209 671 3264 sidera
683 3211 791 3277 cycni.”

137 3294 201 3350 Luc.
221 3297 266 3351 sic
279 3304 327 3352 tua
340 3297 465 3364 Cyrneas
476 3297 584 3364 fugiant
598 3297 824 3365 examinaturus,

137 3383 180 3437 Sic
192 3387 280 3453 cytiso
293 3389 391 3454 pastae
404 3383 562 3437 distendant
574 3383 660 3436 ubera
671 3399 787 3438 vaccae:

137 3469 233 3541 Incipe,
248 3473 270 3525 si
284 3471 351 3541 quid
364 3469 459 3523 habea
496 3469 533 3523 Et
544 3486 589 3522 me
602 3469 692 3523 fecere
705 3475 815 3537 poetam

136 3555 268 3628 Pierides3
290 3562 358 3613 sunt
372 3562 402 3608 et
414 3555 482 3608 mihi
494 3557 625 3625 cermina,
640 3573 683 3609 me
697 3571 805 3624 quoque
817 3555 914 3610 dicunt
