2734 3936
503 220 641 270 vanam
664 219 793 272 ECLOGA
816 221 862 272 ΙΙΙ.

167 385 206 439 Ε1
217 387 309 454 faciet,
325 384 455 454 quoniam
469 383 581 437 sordent
594 383 645 436 tibi
658 399 774 438 munera
786 390 887 440 nostra.

168 473 233 526 Huc
245 473 317 540 ades,
333 488 350 524 o
363 472 484 524 formose
497 487 579 538 puer:
600 470 652 523 tibi
664 470 721 524 lilia
734 470 830 539 plenis,

168 560 250 628 Ecce,
265 561 361 613 ferunt
374 558 521 627 Nymphae
535 557 664 625 calathis;
686 558 735 610 tibi
749 557 866 610 candida
880 556 955 625 Nais,

169 647 302 701 Pallantis
316 645 402 699 violas
415 651 443 698 et
456 661 564 698 summa
577 661 714 712 papavera
726 661 848 712 carpam,

170 733 331 787 Narcissum
345 737 374 785 11
386 731 482 785 florem
496 732 585 799 iungit
598 731 667 784 bene
681 731 779 784 olentis
792 731 900 798 anethi3

170 821 240 873 Tum
252 821 325 873 casia
339 824 421 888 atque
434 819 494 872 aliis
506 819 634 871 intexens
647 819 775 872 suavibus
787 817 880 872 herbis

171 905 265 960 Mollia
277 906 381 960 luteola
393 905 483 974 pingit
495 905 618 959 vaccinia
630 905 729 958 caltha.

170 993 234 1061 lpse
247 1011 298 1062 ege
311 1010 381 1048 cana
392 993 482 1062 legam
495 999 590 1046 tenera
602 992 730 1066 lanugine
742 993 822 1060 mala,

171 1081 375 1150 castaneasque
389 1097 480 1147 nuces,
495 1097 557 1133 mea
570 1096 637 1149 quas
649 1069 799 1146 Amaryllis
811 1081 936 1147 amabat;

172 1169 282 1222 Addam
295 1185 375 1222 cerea
387 1185 489 1236 pruna:
510 1167 599 1220 honos
612 1167 665 1220 erit
677 1167 742 1221 huie
756 1183 863 1236 quoque
876 1184 975 1237 pom03

170 1257 207 1310 Et
220 1273 276 1324 voa,
293 1257 400 1323 elauri,
414 1272 534 1324 carpam,
550 1264 626 1322 1111,
640 1254 768 1323 proxima
781 1259 879 1322 myrte,

171 1343 217 1398 Sic
229 1343 335 1412 positae
347 1344 477 1412 quoniam
491 1343 582 1396 suavis
594 1343 715 1396 miscetis
732 1341 837 1395 odores.

171 1431 302 1485 Rusticus
314 1447 351 1496 es,
366 1429 513 1497 Corydon:
534 1445 585 1482 nee
598 1445 713 1482 munera
725 1435 803 1482 curat
816 1429 919 1496 Alexis,

171 1517 237 1582 Nec,
253 1518 276 1571 si
289 1517 449 1571 muneribus
461 1523 556 1582 certes,
572 1516 705 1570 concedat
719 1515 809 1570 Iollas.

173 1605 241 1665 Heu,
257 1605 324 1659 heu!
346 1603 411 1673 quid
424 1604 498 1658 volui
512 1605 613 1657 misero
625 1604 711 1658 mihil
730 1605 844 1658 floribus
856 1611 979 1660 austrum

171 1691 298 1745 Perditus
311 1697 340 1745 11
351 1691 461 1760 liquidis
473 1693 574 1744 immisi
588 1691 710 1744 fontibus
723 1709 812 1760 apros.

172 1781 260 1846 Quem
273 1779 353 1849 fugis,
368 1779 412 1847 ah,
427 1779 556 1832 demensi
576 1779 736 1834 habitarunt
749 1779 777 1832 di
791 1797 899 1849 quoque
911 1781 993 1834 silvas

172 1867 381 1936 Dardaniusque
393 1865 479 1920 Paris.
518 1866 616 1933 Pallas,
632 1883 699 1936 quas
712 1866 835 1920 condidit
847 1885 931 1936 arces,
954 1939 957 1947 Ι

172 1956 234 2026 ipsa
246 1958 334 2025 colat,
355 1958 435 2012 nobis
448 1958 576 2028 placeant
588 1963 652 2012 ante
666 1958 760 2012 omnia
772 1957 864 2010 silvae.

171 2045 261 2098 Torva
274 2046 370 2098 leaena
382 2045 477 2114 lupum
490 2047 620 2114 sequitur,
634 2045 715 2113 lupus
728 2046 786 2114 ipse
799 2045 931 2114 capellam
942 2064 949 2108 ς

172 2131 330 2185 Florentem
344 2133 461 2200 cytisum
476 2133 599 2200 sequitur
612 2132 713 2186 lasciva
726 2133 843 2201 capella;

172 2217 208 2272 Te
221 2217 362 2287 Corydon,
378 2236 394 2272 o
407 2219 505 2272 Alexi:
526 2219 612 2272 trahit
625 2235 674 2272 sua
688 2235 823 2288 quemque
836 2221 969 2289 voluptas.

172 2306 282 2374 Aspice,
297 2314 390 2360 aratra
402 2307 466 2375 iugo
480 2306 606 2359 referunt
619 2322 749 2374 suspensa
761 2308 878 2375 iuvenci,

171 2391 208 2446 Et
220 2393 261 2446 sol
273 2393 422 2447 crescentis
435 2393 570 2446 decedens
583 2392 704 2461 duplicat
716 2394 842 2447 umbras:

171 2478 215 2532 Me
228 2488 322 2533 tamen
335 2481 391 2532 urit
404 2496 495 2546 amor3
517 2480 665 2548 quisenim
678 2480 777 2533 modus
789 2481 861 2534 adsit
873 2481 978 2534 amorii

171 2566 225 2633 Ah,
240 2566 381 2634 Corydon,
397 2566 535 2634 Corydon,
551 2583 620 2636 quae
632 2572 661 2619 11
674 2566 812 2620 dementia
825 2568 912 2636 capiti

171 2653 343 2723 Semiputata
354 2654 406 2706 tibi
419 2654 550 2708 frondosa
563 2653 626 2708 vitis
639 2655 668 2706 in
683 2655 756 2707 ulmo
770 2661 818 2708 est.

171 2740 243 2805 Quin
257 2749 288 2794 tu
303 2740 405 2809 aliquid
419 2741 514 2794 saltem
529 2741 630 2810 potius,
646 2757 762 2809 quorum
775 2742 881 2810 indiget
894 2759 966 2810 usus,

172 2827 331 2881 Viminibus
344 2827 475 2896 mollique
488 2845 568 2897 paras
580 2827 708 2882 detexere
722 2828 820 2883 iuneol

170 2914 298 2968 Invenies
311 2913 403 2984 alium,
419 2915 442 2967 si
454 2921 482 2968 te
495 2915 541 2968 hic
554 2914 670 2983 fastidit,
685 2915 804 2970 Alexim.

633 3089 717 3096 ..a—‚⁶

569 3199 719 3256 ECLOGA
742 3201 793 3255 III.

400 3335 557 3375 Munatium.
596 3337 756 3376 DAMOETAS.
794 3336 957 3377 PALAEMON.

167 3439 244 3493 Mna.
265 3437 318 3493 Dic
330 3440 406 3506 mihi,
422 3438 564 3509 Damoeta,
580 3442 670 3494 cuium
683 3442 785 3510 perusi
804 3458 839 3495 an
853 3441 1000 3496 Meliboei?

166 3525 246 3580 Dan.
266 3524 296 3579 N
297 3543 454 3602 enbverum
468 3528 606 3596 Aegonis;
626 3545 715 3597 nuper
728 3529 796 3581 mihi
810 3528 924 3582 tradidit
938 3529 1045 3594 Aegon.
