2730 3936
466 227 604 278 vnaeltl
626 227 791 276 AENEIDOS
813 227 859 276 111.

153 388 223 446 Vela
235 395 339 444 vocant
351 389 512 460 tumidoque
523 389 635 443 inflatur
646 389 776 443 carbasus
789 393 897 442 austro:

150 477 310 532 Histvatem
323 477 470 546 aggredior
482 476 564 531 dictis
576 493 608 530 ac
621 475 688 530 talia
701 493 818 546 quaeso:

151 567 169 594 “
180 565 344 633 Troiugena,
359 565 496 632 interpres
508 563 612 632 divom,
625 564 672 633 qui
684 562 798 616 numina
810 561 924 630 Phoebi,

150 652 205 717 Qui
218 653 351 722 tripodas,
368 651 454 705 Olarii
466 651 567 717 laurus,
583 651 629 720 qui
642 651 731 706 sidera
743 649 828 704 sentis

150 739 188 792 Et
200 739 343 792 volucrum
356 738 464 807 linguas
476 743 505 791 et
519 738 656 807 praepetis
668 738 761 790 omina
774 753 889 806 pennae,

150 827 221 880 Fare
234 843 439 896 age-namque
451 841 562 879 ornnem
576 841 686 879 cursum
700 824 768 877 mihi
781 839 913 893 prospera
926 824 997 878 dixit

136 912 269 982 Religio,
281 920 310 967 et
322 916 415 968 cuncti
427 919 574 968 euaserunt
589 913 702 966 numine
715 912 773 965 divi

149 1000 261 1054 Italiam
274 1010 369 1070 petere
381 1007 410 1055 et
422 1009 510 1055 terras
523 1005 659 1068 temptare
672 1005 811 1068 repostas3

149 1088 217 1142 Sola
229 1105 332 1142 novum
345 1089 475 1158 dictuque
487 1088 568 1142 netas
586 1087 710 1156 Harpyia
723 1086 843 1140 (ielaeno

148 1174 312 1244 Prodigium
326 1177 408 1240 cauit,
423 1181 452 1230 et
463 1175 551 1229 tristis
563 1175 709 1228 denuntiat
721 1174 783 1242 iras,

149 1262 361 1331 obscenamque
373 1263 582 1331 famem-quae
595 1262 685 1330 prima
697 1261 819 1330 pericula
831 1261 909 1315 vitot

149 1349 261 1414 Quidve
273 1366 389 1418 sequens
402 1354 495 1403 tantos
507 1349 609 1418 possim
623 1364 752 1417 superare
765 1347 890 1402 labores?
901 1346 918 1376 ”

148 1435 204 1489 Hic
218 1436 345 1505 Helenus,
361 1437 446 1490 caesis
457 1439 578 1506 primum
593 1437 628 1491 de
641 1453 718 1490 more
731 1436 862 1503 iuvencis,

147 1522 257 1577 Exorat
269 1541 363 1593 pacem
377 1524 479 1594 divom,
494 1525 631 1595 vittaeque
644 1524 758 1578 resolvit

149 1610 258 1664 Sacrati
271 1612 375 1680 capitis,
389 1628 488 1681 meque
502 1612 537 1666 ad
549 1617 598 1668 tua
612 1612 715 1679 lirnina,
731 1610 851 1680 Phoebe,

148 1697 214 1765 Ipse
226 1714 310 1751 manu
321 1698 410 1752 multo
424 1715 586 1767 suspensum
601 1700 713 1753 numine
727 1699 810 1767 ducit,

148 1785 245 1853 Atque
258 1784 326 1839 haee
338 1785 439 1839 deinde
451 1786 527 1840 canit
539 1786 634 1840 divino
647 1803 682 1840 ex
694 1803 743 1839 ore
755 1785 896 1839 sacerdos:

187 1871 287 1926 “Nate
300 1873 460 1940 dea-nam
474 1878 503 1927 te
516 1873 666 1927 maioribus
678 1874 718 1926 ire
731 1890 780 1942 per
794 1872 880 1926 altum

148 1959 291 2028 Auspiciis
302 1961 451 2014 manifesta
464 1959 548 2015 fides:
569 1961 608 2015 sic
621 1962 680 2014 fata
691 1960 774 2015 deum
788 1978 837 2015 rex

148 2047 279 2106 Sortitur,
294 2046 436 2116 volvitque
448 2048 540 2115 vices3
561 2047 586 2101 is
600 2048 718 2102 vertitur
732 2048 836 2102 ordo—-

148 2135 245 2188 Pauca
256 2134 306 2187 tibi
320 2151 336 2188 e
348 2135 449 2204 multis,
462 2153 516 2204 quo
530 2140 618 2190 tutior
632 2138 743 2207 hospita
753 2138 854 2192 lustres

148 2223 283 2290 Aequora
295 2226 322 2274 et
334 2223 460 2276 Ausonio
473 2224 562 2292 possis
576 2225 720 2279 considere
732 2235 821 2296 portu,

146 2308 305 2378 Expediam
318 2309 412 2378 dictis;
434 2310 583 2378 prohibent
596 2328 662 2365 nam
675 2318 766 2368 cetera
779 2316 882 2371 Parcae

148 2397 227 2450 Scire
241 2396 376 2450 Helenum
390 2398 496 2467 farique
509 2404 586 2454 vetat
602 2399 732 2456 Saturnia
744 2402 823 2458 Iunc.

147 2484 293 2552 Principio
306 2484 422 2553 Italiam,
437 2502 519 2554 quarn
532 2492 562 2540 tu
578 2488 635 2541 iam
647 2506 710 2543 rere
722 2492 906 2561 propinquam

148 2571 327 2640 Vicinosque,
340 2573 441 2640 ignare,
456 2590 537 2642 paras
550 2575 682 2630 invadere
695 2584 800 2646 portus,

147 2658 247 2726 Longa
258 2659 355 2726 procul
367 2659 457 2728 longis
468 2661 515 2714 via
528 2661 628 2716 dividit
640 2664 716 2718 invia
727 2666 817 2720 terris.

147 2744 226 2798 Ante
239 2751 268 2798 et
281 2746 422 2802 Trinacria
434 2747 581 2803 lentandus
593 2768 686 2805 remus
697 2752 727 2806 in
739 2754 821 2822 unda,

147 2833 186 2885 Et
199 2832 265 2886 salis
278 2831 394 2887 Ausonii
405 2834 577 2890 lustrandum
595 2840 715 2894 navibus
727 2857 831 2910 aequor

148 2920 312 2988 Infernique
324 2920 399 2974 lacus
412 2921 576 2994 Aeaeaeque
592 2926 683 2980 insula
695 2926 799 2996 (lireae,

148 3007 240 3072 Quam
254 3012 315 3061 tuta
327 3009 414 3077 possis
426 3011 525 3065 urbem
538 3028 705 3081 componere
717 3019 800 3070 terra.

148 3095 233 3163 Signa
245 3095 297 3148 tibi
310 3094 414 3164 dicam;
436 3104 466 3151 tu
482 3100 595 3154 condita
607 3107 700 3156 mente
712 3107 824 3157 teneto:

149 3181 220 3234 Oum
234 3181 287 3234 tibi
301 3182 419 3237 sollicito
432 3187 532 3240 secreti
546 3187 580 3240 ad
593 3187 712 3242 fluminis
725 3189 828 3243 undam

149 3269 268 3322 Litoreis
281 3268 379 3338 ingens
391 3271 506 3326 inventa
519 3274 569 3327 sub
583 3274 691 3330 ilicibus
704 3293 750 3330 sus

137 3354 276 3424 Triginta
288 3357 411 3425 capitum
423 3358 501 3422 fetus,
509 3361 591 3415 enixu
602 3362 711 3431 iacebit,

148 3442 230 3511 Alba,
245 3444 305 3497 solo
320 3446 462 3514 recubans,
476 3447 531 3501 albi
544 3449 647 3502 circum
662 3450 747 3504 ubera
760 3451 827 3519 nati,

147 3529 176 3584 Is
187 3532 267 3587 locus
280 3531 357 3584 urbis
371 3532 431 3602 erit,
445 3534 555 3603 requies
567 3551 600 3590 ea
613 3541 689 3590 certa
700 3537 834 3592 laborum.
