2730 3936
444 233 583 282 VERGILI
606 231 793 281 GEORGIOON
816 231 861 282 IV.

138 393 202 460 Quo
214 395 283 449 fletu
296 395 393 462 Manis,
409 411 463 464 qua
475 394 596 448 Numina
609 409 678 448 voce
690 394 835 447 movereti

137 483 191 537 Illa
204 482 316 551 quidem
329 482 426 550 Stygia
437 479 524 535 nabat
535 481 590 534 iam
603 480 825 548 frigidacymba.

138 569 255 638 Septem
266 569 345 623 illum
356 574 432 623 totos
444 568 592 638 perhibent
606 584 639 621 ex
653 567 750 620 ordine
763 583 872 620 menses

138 656 221 725 Rupe
234 656 284 710 sub
297 657 372 710 aeria
384 655 484 709 deserti
497 655 532 709 ad
545 655 699 722 Strymonis
711 653 814 707 undam

139 743 269 812 Flevisse,
284 749 313 797 et
324 743 422 812 gelidis
433 742 502 796 baec
514 742 649 796 evolvisse
662 741 712 795 snb
725 741 819 808 antris,

138 829 308 884 Mulcentem
322 831 401 899 tigris
413 835 440 884 et
453 825 581 898 agentem
593 828 714 882 carmine
727 845 859 896 querens,

140 917 239 982 Qualis
251 917 372 987 populea
382 933 506 972 maerens
519 915 670 985 philomela
682 916 733 969 sub
745 915 845 970 umbra

139 1004 268 1058 Amissus
280 1005 405 1073 queritur
416 1005 496 1073 fetus,
511 1019 580 1072 quos
591 1003 676 1056 durus
687 1007 780 1056 arator

140 1091 300 1146 Observaus
311 1091 378 1146 nido
391 1091 531 1161 implumis
543 1091 665 1145 detraxit
675 1109 681 1158 ;
702 1096 732 1144 at
743 1091 793 1144 illa

138 1179 204 1233 Flet
215 1184 333 1248 noctem,
347 1195 478 1249 ramoque
491 1178 590 1232 sedens
601 1178 756 1232 miserabile
768 1193 878 1233 carmen

139 1267 275 1338 Integrat,
290 1273 319 1321 et
330 1267 441 1320 maestis
452 1267 508 1321 late
519 1267 582 1320 looa
594 1265 734 1334 questibus
746 1265 851 1334 implet

140 1355 227 1410 Nulla
239 1354 344 1422 Venus,
358 1371 413 1408 non
427 1354 476 1408 ulli
490 1354 612 1408 animum
626 1352 727 1406 flexere
740 1352 895 1420 hymenaei.

140 1442 224 1496 Solus
236 1442 431 1511 Hyperboreas
444 1441 544 1510 glacies
557 1440 725 1509 Tanaimque
737 1439 858 1493 nivalem

140 1530 274 1598 Arvaque
286 1529 416 1598 Riphaeis
428 1545 578 1598 numquam
589 1528 704 1581 viduata
715 1527 821 1595 pruinis

139 1617 297 1684 Lustrabat,
312 1622 421 1685 raptam
433 1615 591 1692 Eurydicen
604 1620 686 1685 atque
699 1615 783 1670 inrita
795 1614 869 1668 Ditis

138 1704 223 1758 Dona
236 1719 367 1772 querens,
388 1707 497 1772 spretae
510 1702 642 1756 Ciconum
655 1718 710 1770 quo
722 1717 837 1756 munere
849 1706 952 1755 matres

139 1791 219 1845 Inter
231 1807 309 1844 sacra
320 1779 401 1844 deum
414 1791 597 1858 nocturnique
608 1789 686 1859 orgia
697 1788 798 1843 Bacchi

138 1878 319 1946 Discerptum
331 1877 404 1932 latos
416 1876 545 1930 iuvenem
558 1893 683 1946 sparsere
695 1896 746 1948 per
758 1896 847 1949 agros.

139 1967 212 2022 Tum
226 1985 334 2038 quoque
346 1987 501 2025 marmorea
514 1975 598 2039 caput
611 1987 627 2025 a
639 1968 745 2024 cervice
757 1968 897 2022 revulsum

139 2055 260 2124 Gurgite
272 2073 335 2110 cum
347 2057 439 2112 medio
450 2061 566 2128 portans
579 2056 712 2126 Oeagrius
725 2055 835 2110 Hebrus

140 2141 285 2210 Volveret,
298 2142 455 2212 Eurydicen
468 2161 524 2198 vox
536 2145 597 2214 ipsa
609 2149 637 2197 et
648 2141 748 2211 frigida
760 2141 861 2210 lingua,

139 2229 188 2282 Ab
201 2229 329 2284 miseram
342 2229 514 2298 Eurydicen!
536 2231 627 2285 anima
640 2230 765 2298 fugiente
779 2228 910 2295 vocabat;

139 2315 299 2384 Eurydicen
313 2322 373 2372 toto
385 2317 539 2372 referebant
551 2317 665 2371 flumine
677 2315 781 2385 ripae.’‘

176 2401 254 2456 Haeo
266 2401 390 2471 Proteus,
405 2409 434 2456 et
446 2419 474 2456 se
487 2403 561 2457 iactu
573 2401 651 2456 dedit
663 2417 765 2470 aequor
776 2401 804 2453 in
819 2399 913 2468 altum,

141 2488 258 2558 Quaque
270 2488 355 2554 dedit,
370 2496 542 2558 spumantem
556 2489 656 2543 undam
671 2489 721 2542 sub
736 2488 838 2541 vertice
851 2487 939 2540 101011,

140 2576 180 2630 At
193 2592 251 2629 non
265 2575 389 2644 Oyrene3
410 2593 529 2646 namque
542 2577 615 2630 ultro
628 2576 723 2631 adfata
735 2575 894 2628 timentem:

177 2663 195 2690 “
203 2661 284 2730 Nate,
298 2663 365 2717 licet
377 2663 463 2718 tristis
475 2665 567 2718 animo
580 2663 719 2732 deponere
731 2679 818 2717 curas.

140 2749 218 2804 Haec
231 2751 321 2803 omnis
333 2752 422 2804 morbi
435 2768 533 2818 causa,
553 2751 619 2805 hinc
631 2750 787 2804 miserabile
799 2748 955 2819 Nymphae,

141 2837 212 2891 Oum
227 2838 326 2906 quibus
339 2838 386 2892 illa
398 2838 497 2893 choros
509 2839 577 2893 lucis
590 2839 711 2907 agitabat
723 2838 753 2890 in
766 2837 837 2905 altis,

132 2924 267 2998 Exitium
280 2927 377 2979 misere
390 2926 495 2994 apibus.
533 2926 573 2979 Tu
586 2942 702 2980 munera
713 2924 828 2994 supplex

140 3012 242 3082 Tende,
257 3017 355 3081 petens
367 3029 472 3081 pacem,
486 3017 516 3066 et
527 3013 616 3067 facilis
627 3029 760 3066 venerare
771 3011 798 3065 N
800 3028 912 3080 apaeas;

139 3099 269 3169 Namque
281 3099 388 3154 dabunt
400 3101 509 3154 veniam
522 3101 601 3168 votis,
615 3100 724 3169 irasque
737 3099 889 3153 remittent.

140 3187 202 3254 Sed,
217 3186 317 3242 modus
329 3185 427 3241 orandi
441 3187 488 3256 qui
500 3187 543 3254 sit,
557 3187 635 3257 prins
647 3187 743 3240 ordine
756 3186 855 3240 dicam.

140 3274 280 3340 Quattuor
293 3273 410 3327 eximios
422 3275 574 3342 praestanti
587 3289 702 3341 corpore
715 3278 817 3341 tauros,

141 3361 195 3425 Qui
206 3361 257 3415 tibi
270 3376 346 3414 nunc
359 3359 457 3412 viridis
469 3359 622 3428 depascunt
633 3377 740 3412 summa
752 3359 862 3426 Lycaei,

139 3447 242 3518 Deligc,
259 3454 288 3503 et
300 3448 406 3502 intacta
418 3446 536 3500 totidem
548 3447 654 3500 cervice
666 3447 815 3523 iuvencas.-

140 3535 279 3600 Quattuor
291 3535 337 3588 bis
349 3551 412 3588 aras
425 3533 482 3586 alta
494 3533 528 3586 ad
541 3533 655 3586 delubra
667 3521 800 3586 dearum¹
823 3583 826 3592 ,
