2730 3936
437 230 577 281 venenu
598 231 763 281 auusmos
785 231 817 282 11.

128 391 181 447 Nec
191 393 281 449 dubiis
291 411 325 449 ea
338 394 417 464 signa
428 393 506 448 dedit
519 393 643 447 Tritonia
654 394 794 447 monstris.

127 480 178 534 Vix
189 483 308 551 positum
320 481 417 535 castris
430 481 622 535 simulacrum:
643 497 734 535 arsere
747 497 877 536 coruscae

126 568 279 622 Luminibus
290 567 418 622 flammae
432 568 554 636 arrectis,
569 567 708 637 salsusque
720 584 771 636 per
784 573 861 622 artus

127 654 209 709 Sudor
220 656 261 724 iit,
275 661 373 724 terque
385 654 445 724 ipsa
457 654 680 708 solo-mirabile
693 654 806 708 diotu-

126 743 246 811 Emicuit,
257 757 438 812 parmamque
450 758 548 811 gerens
561 741 724 811 hastamque
737 747 911 796 trementem.

126 830 266 900 Extemplo
279 829 440 898 temptanda
452 827 518 898 iuga
530 830 605 884 canit
618 845 739 898 aequora
752 829 876 892 Calchas,

126 918 180 972 Nec
191 935 269 986 posse
283 916 422 986 Argolicis
434 917 557 970 exscindi
570 916 706 985 Pergama
718 915 788 985 telis,

126 1005 220 1060 Omina
231 1007 260 1058 ni
273 1009 401 1074 repetant
413 1004 504 1073 Argis,
518 1020 675 1072 numenque
688 1002 830 1073 reducant,

126 1093 199 1158 Quod
211 1094 311 1164 pelago
323 1101 352 1147 et
364 1093 457 1147 curvis
469 1109 561 1148 secum
575 1109 692 1148 avexere
702 1093 811 1146 cannia

125 1181 159 1234 Et
169 1198 248 1249 nunc,
264 1180 339 1250 quod
352 1181 456 1250 patrias
467 1185 552 1234 vento
565 1180 671 1249 petiere
685 1179 823 1248 Mycenas,

126 1268 206 1322 Arma
217 1268 340 1336 deosque
351 1272 450 1336 parant
462 1267 585 1336 comites,
601 1268 752 1337 pelagoque
764 1281 892 1320 remenso

126 1355 265 1425 Improvisi
278 1355 404 1410 aderunt.
442 1353 486 1409 Ita
497 1355 597 1425 digerit
608 1356 703 1409 omina
715 1353 838 1412 (lalehss.

126 1443 198 1500 Hauc
210 1462 261 1514 pro
275 1443 401 1498 Palladio
413 1443 520 1512 moniti,
534 1460 586 1513 pro
597 1443 710 1497 numine
722 1442 797 1496 laeso

125 1531 241 1601 Effigiem
256 1537 388 1599 statuere,
402 1533 479 1586 nefas
491 1548 561 1602 quae
574 1532 653 1585 triste
665 1531 763 1596 piaret.

127 1617 200 1672 Hanc
211 1625 308 1672 tamen
320 1618 480 1672 immensam
496 1617 612 1672 Calchas
626 1617 752 1672 attollere
765 1616 867 1670 molem

126 1706 276 1761 Roboribus
291 1694 518 1776 textis'caeloque
531 1705 647 1760 educere
662 1705 749 1771 iussit,

126 1791 165 1848 Ne
177 1795 259 1863 recipi
274 1794 372 1864 portis,
388 1798 435 1848 aut
447 1793 510 1848 duci
524 1793 552 1846 in
565 1793 676 1846 moenia
688 1793 784 1860 possit,

126 1879 182 1936 Neu
194 1882 328 1951 populum
341 1881 454 1950 antiqua
467 1881 517 1936 sub
530 1879 661 1948 religione
673 1880 755 1933 tueri.

126 1967 192 2023 Nam
204 1971 226 2023 si
239 1975 334 2024 vestra
346 1985 443 2022 manus
454 1967 586 2022 violasset
598 1967 672 2021 dona
684 1965 834 2033 Minervae,

126 2055 188 2110 Tum
201 2073 331 2126 magnum
344 2054 569 2124 exitium-quod
582 2054 611 2107 di
624 2054 700 2122 prius
713 2069 792 2106 omen
805 2053 834 2106 in
847 2053 937 2120 ipsum

126 2142 450 2200 Convertuntl-Prismi
461 2142 579 2211 imperio
592 2139 801 2208 Phrygibusque
813 2140 952 2200 futurum

126 2229 169 2284 Sin
181 2233 308 2288 manibus
321 2231 419 2286 vestris
431 2235 551 2284 vestram
564 2227 731 2282 ascendisset
742 2227 772 2279 in
786 2226 890 2292 urbem,

126 2316 201 2373 Ultro
213 2321 309 2375 Asiam
323 2334 424 2388 magno
436 2316 557 2386 Pelopea
569 2315 604 2369 ad
616 2314 725 2368 moenia
738 2314 810 2368 bello

127 2402 284 2475 Venturam,
299 2413 328 2460 et
340 2411 451 2460 nostroe
463 2421 496 2458 ea
508 2404 566 2457 sata
578 2418 690 2457 manere
702 2400 845 2470 nepotes.‘'

158 2493 266 2551 Talibus
277 2495 384 2550 insidiis
395 2494 554 2564 periurique
568 2498 628 2546 arte
641 2490 752 2544 Sinonis

128 2580 233 2639 Credita
244 2601 296 2651 res,
310 2584 439 2653 captique
452 2581 524 2636 dolis
536 2578 709 2648 lacrimisque
722 2576 832 2643 coactis,

128 2667 198 2734 Quos
208 2688 297 2743 neque
310 2670 437 2739 Tydides,
452 2686 503 2724 nec
515 2668 659 2724 Larisaeus
671 2663 803 2731 Achilles,

128 2753 186 2810 Non
198 2760 261 2812 anni
275 2759 407 2813 domuere
419 2757 523 2826 decem,
538 2773 593 2809 non
608 2752 682 2807 mille
695 2751 811 2806 carinae.

159 2843 209 2900 llic
221 2845 294 2900 aliud
308 2846 396 2899 maius
408 2844 516 2899 miseris
528 2843 670 2911 multoque
683 2837 857 2894 tremendum

128 2929 247 2986 Obicitur
259 2933 352 3001 magia
368 2940 450 3001 atque
463 2929 618 3000 improvida
630 2935 744 2998 pectora
756 2925 859 2980 turbat.

128 3014 256 3088 laocoon,
271 3020 370 3074 ductus
381 3017 514 3088 Neptuno
527 3022 601 3071 sorte
615 3015 748 3083 sacerdos,

129 3103 268 3160 Solemnis
279 3113 388 3162 taurum
402 3106 541 3175 ingentem
556 3103 696 3158 mactabat
710 3101 745 3156 ad
757 3118 826 3156 aras.

128 3188 194 3246 Ecce
206 3202 295 3248 autem
309 3194 410 3262 gemini
424 3210 440 3247 a
452 3190 564 3246 Tenedo
576 3189 725 3260 tranquilla
739 3206 787 3258 per
799 3187 893 3243 alta-

129 3275 261 3334 Horresco
274 3279 570 3334 reserens-immensis
583 3278 696 3332 orbibus
709 3291 811 3344 angues

128 3357 289 3420 incumbunt
301 3367 405 3436 pelago,
420 3366 576 3435 pariterque
589 3365 624 3418 ad
637 3364 719 3416 litora
730 3361 865 3428 tenduut3

129 3447 240 3506 Pectora
253 3469 368 3521 quorum
380 3453 455 3506 iuter
467 3452 566 3506 fluctus
578 3457 686 3506 arrecta
699 3450 833 3516 iubaeque
904 3458 908 3465 ·

130 3535 294 3604 Sanguineas
306 3544 439 3609 superant
448 3538 549 3607 undas;
569 3555 633 3608 pars
645 3543 737 3591 cetera
749 3540 866 3604 pontum
