2706 3938
525 211 662 261 VERGILI
685 211 851 261 AENEIDOS
874 211 917 261 VI.

214 372 299 426 Eruet
311 374 357 427 ille
370 373 462 443 Argoa
475 372 762 443 Agamemnoniasque
775 374 913 442 Mycenas,

214 459 363 530 Ipsumque
375 461 525 529 Aeaciden,
540 477 625 530 genus
638 462 830 529 armipotentis
844 462 954 530 Achilli,

214 547 295 600 Ultus
307 565 374 602 avos
386 547 493 616 Troiae,
507 548 610 616 templa
622 555 651 600 et
662 553 798 602 temerata
810 549 959 604 Minervae,

215 634 282 700 Quis
297 641 332 702 te,
347 652 446 703 magne
459 635 537 702 Cato,
552 637 678 702 taciturn,
694 641 742 689 aut
755 645 790 702 te,
807 637 898 702 Cosso,
911 638 1069 706 relinquat?

214 722 282 788 Quis
295 723 415 776 Gracchi
427 739 521 792 genus,
536 729 583 778 aut
595 725 726 793 genuinos,
741 724 796 778 duo
811 724 928 778 fulmina
943 724 1015 794 belli,

214 807 362 876 Scipiadas,
377 810 483 864 cladem
493 810 604 878 Libyae,
620 828 762 880 parvoque
776 817 919 881 potentem

213 895 377 964 Fabricium,
392 897 436 950 vel
449 903 477 952 te
490 897 573 966 sulec,
589 899 714 968 Scrrane,
735 901 892 954 serenteml

215 981 276 1046 Quo
288 983 392 1036 fessum
405 985 510 1052 rapitis,
524 985 619 1039 Fabiil
639 992 669 1038 tu
683 988 822 1040 Maximus
834 987 880 1040 ille
893 1003 929 1056 es,

214 1068 293 1122 Unus
306 1070 352 1138 qni
364 1071 445 1123 nobis
457 1071 612 1124 cunctando
626 1073 748 1126 restituis
760 1090 828 1127 rem.

213 1156 361 1210 Excudent
374 1156 419 1210 alii
433 1157 566 1226 spirantia
579 1158 688 1211 mollius
701 1175 773 1228 aera,

214 1243 304 1299 Oredo
316 1244 451 1313 equidem,
466 1243 543 1297 vivos
556 1243 657 1298 ducent
669 1246 703 1298 de
715 1263 854 1301 marmore
867 1247 965 1316 voltus,

214 1331 342 1385 Orabunt
354 1347 451 1384 causas
463 1331 567 1397 melius,
583 1331 705 1400 caelique
717 1341 823 1387 meatus

213 1419 378 1472 Describent
390 1418 469 1472 radio
482 1423 510 1471 et
523 1419 662 1487 surgentia
675 1419 765 1474 sidera
777 1422 883 1476 dicent:

214 1506 254 1559 Tu
266 1522 362 1574 regere
374 1505 490 1574 imperio
502 1506 628 1575 populos,
644 1505 777 1574 Romane,
792 1515 932 1563 memento
943 1529 950 1576 3

214 1593 273 1647 Hae
287 1593 337 1647 tibi
350 1598 432 1647 erunt
444 1600 533 1658 artss;
554 1595 683 1664 pacisque
696 1597 840 1664 imponere
852 1613 966 1666 morem,

212 1681 331 1735 Parcere
344 1681 481 1748 subiectis,
497 1687 524 1733 et
538 1682 677 1736 debellare
691 1684 851 1752 superbos.”

249 1768 292 1822 Sic
305 1773 383 1837 pater
396 1767 538 1836 Anchises,
555 1775 637 1838 atque
651 1770 718 1824 haec
729 1771 894 1826 mirantibus
907 1772 997 1827 addit:

216 1858 232 1885 “
241 1856 350 1925 Aspice,
365 1860 396 1909 ut
408 1856 523 1924 insignis
538 1857 632 1925 spoliis
645 1858 793 1912 Marcellus
806 1861 906 1928 opimis

213 1943 378 2012 Ingreditur,
394 1945 537 2012 victorque
552 1945 626 1997 viros
640 1948 826 2014 supereminet
839 1948 941 2001 omnis!

214 2031 266 2084 Hic
278 2047 338 2085 rem
350 2031 512 2100 Romanam,
526 2047 627 2100 magno
641 2033 771 2087 turbante
783 2035 911 2101 tumultu,

214 2119 306 2186 Sistet,
322 2135 403 2188 eques
415 2125 520 2173 sternet
533 2121 644 2173 Poenos
659 2119 822 2190 Gallumque
836 2122 974 2194 rebellem,

214 2207 360 2276 Tertiaque
373 2223 449 2262 arma
460 2207 533 2275 patri
546 2208 696 2276 suspendet
708 2215 788 2277 capta
801 2208 945 2273 Quirino.'’
971 2195 972 2202 ἵ

213 2294 308 2364 Atque
320 2295 505 2357 hicAeneasr
525 2313 581 2350 una
595 2312 712 2364 namque
724 2296 765 2349 ire
778 2296 890 2350 videbat

213 2381 361 2450 Egregium
375 2383 466 2436 forma
478 2383 606 2437 iuvenem
618 2389 646 2436 et
657 2382 825 2450 fulgentibus
837 2383 927 2448 armis,

214 2468 268 2522 Sed
279 2471 359 2524 frons
371 2471 445 2524 laeta
456 2488 562 2540 parum,
577 2476 605 2524 et
618 2470 724 2524 deiecto
736 2470 839 2524 lumina
852 2470 946 2525 voltu:

216 2558 232 2586 “
243 2558 318 2627 Quis,
331 2564 419 2627 pater,
435 2559 488 2626 ille,
504 2560 593 2611 virum
608 2557 655 2626 qui
669 2557 708 2612 sic
722 2558 870 2612 comitatur
883 2559 1012 2613 eunteml

214 2643 306 2713 Filius,
321 2662 391 2700 anne
405 2646 502 2715 aliquis
513 2645 659 2714 magnade
672 2645 758 2713 stirpe
771 2646 921 2713 nepotuml

215 2731 282 2797 Quis
293 2733 424 2801 strepitus
438 2733 510 2787 circa
523 2732 668 2786 comituml
691 2737 823 2801 quantum
836 2733 924 2786 instar
936 2733 965 2785 in
977 2733 1052 2800 ipsol

214 2819 268 2872 Sed
280 2836 337 2872 nox
351 2827 411 2874 atra
423 2825 505 2889 caput
518 2821 591 2873 tristi
605 2820 787 2874 circumvolat
799 2819 925 2874 umbra.''

214 2906 283 2959 Tum
296 2914 374 2977 pater
387 2906 530 2975 Anchises,
543 2907 663 2961 lacrimis
675 2909 815 2977 ingressus
827 2908 947 2962 obortis:

216 2995 263 3048 “0
276 3003 349 3062 nate,
364 2997 504 3064 ingentem
516 2995 621 3049 luctum
634 3012 669 3049 ne
683 3013 783 3065 quaere
797 3001 908 3049 tuorum
923 3015 929 3064 3

215 3081 370 3136 Ostendent
381 3084 463 3136 terris
474 3082 548 3136 hunc
561 3087 669 3136 tantum
684 3084 750 3150 tata,
766 3099 855 3152 neque
867 3083 941 3137 ultra

214 3167 280 3223 Esse
293 3171 391 3224 sinent.
429 3169 553 3222 Nimium
566 3169 646 3224 vobis
658 3170 784 3224 Romana
795 3185 920 3238 propago

214 3255 283 3309 Visa
295 3262 402 3325 potens,
418 3257 524 3326 Superi,
540 3258 653 3326 propria
666 3255 734 3312 haec
748 3257 771 3310 si
784 3257 858 3311 dona
870 3257 998 3322 fluissent,

215 3342 340 3407 Quantos
352 3343 399 3396 ille
413 3345 500 3397 virum
512 3361 640 3412 magnam
654 3344 788 3422 Marortis
801 3343 835 3398 ad
848 3345 944 3398 urbem

215 3429 334 3498 Campus
347 3436 410 3496 aget
422 3431 557 3498 gemitus!
580 3431 622 3484 vel
636 3449 713 3501 quac,
728 3431 864 3495 Tiberine,
880 3431 987 3485 videbis

215 3513 332 3575 Funera.
347 3533 408 3570 cum
422 3518 557 3571 tumulum
570 3518 772 3587 praeterlabere
785 3520 943 3573 recentem!
