2706 3938
457 223 595 273 vanum
617 225 782 276 AENEIDOS
805 227 835 277 V.

135 383 170 436 Et
182 383 266 436 simul
279 383 324 437 his
336 384 418 438 dictis
429 385 528 439 iaciern
542 387 699 442 ostentabat
712 393 740 441 et
752 387 808 442 ndo

133 469 238 539 Turpia
250 473 378 526 membra
389 472 464 526 fimo.
502 473 575 528 Risit
586 480 668 543 pater
681 475 802 543 optimus
814 475 870 544 olli,

133 557 171 611 Et
184 559 304 627 clipeum
319 559 413 613 efferri
424 559 512 627 iussit,
526 561 710 628 Didymaonis
723 562 798 630 artis,

134 644 260 714 Neptuni
273 662 352 700 sacro
365 646 467 701 Danais
479 647 513 702 de
522 655 601 717 poste
613 648 738 704 refixum.

135 731 197 786 Hoc
209 732 339 786 iuvenem
353 733 493 802 egregium
506 735 659 803 praestanti
672 752 787 790 munere
800 736 894 792 donat.

169 818 247 886 Post,
264 819 311 872 ubi
324 820 443 874 confecti
457 837 561 888 cursus,
578 830 607 876 et
619 821 691 875 dona
703 823 825 890 peregit:

127 907 153 935 “⁸
162 905 190 958 N
191 923 255 974 unc,
271 907 293 959 si
306 906 350 960 cui
369 906 457 962 virtus
469 909 630 978 animusque
642 910 671 962 in
684 919 796 978 pectore
809 927 945 980 praesens,

133 993 227 1060 Adsit,
242 998 271 1046 et
284 993 400 1047 evinctis
413 995 522 1049 attollat
534 996 662 1050 bracchia
673 997 799 1065 palmis.'’

133 1080 179 1133 Sic
189 1080 236 1146 ait,
252 1085 280 1133 et
292 1081 432 1148 geminum
445 1098 553 1150 pugnae
565 1083 696 1151 proponit
710 1083 851 1150 honorem,

70 1162 77 1179 ’
132 1168 245 1222 Victori
258 1168 379 1221 velatum
393 1185 460 1222 auro
473 1169 603 1238 vittisque
616 1171 770 1239 iuvencum,

131 1255 237 1308 Ensem
251 1259 334 1323 atque
346 1255 480 1324 insignem
494 1255 600 1324 galeam
618 1257 720 1312 solacia
733 1258 814 1312 victo.

131 1343 193 1398 Nec
207 1360 300 1397 mora:
322 1344 453 1397 continuo
466 1344 551 1398 vastis
563 1361 624 1398 eum
638 1345 743 1398 viribus
756 1345 836 1399 effert

132 1430 191 1484 Ora
201 1430 300 1498 Dares,
315 1447 467 1507 magnqque
481 1430 568 1484 virum
582 1447 611 1484 se
623 1448 764 1486 murmure
775 1433 865 1500 teuit,

132 1517 215 1571 Solus
227 1517 273 1586 qui
287 1516 415 1570 Paridem
428 1518 524 1571 solitus
537 1518 704 1572 oontondere
717 1525 822 1587 contra,

131 1604 266 1672 Idemque
279 1603 315 1656 cd
329 1603 471 1670 tumulum,
486 1620 541 1672 quo
553 1605 690 1658 maximus
703 1606 820 1660 occubat
833 1607 945 1678 Hector,
958 1643 966 1652 -

131 1691 278 1745 Victorem
294 1688 385 1743 Buten
398 1689 512 1744 immani
525 1709 649 1762 corpore,
665 1694 711 1762 qui
725 1711 754 1748 se

130 1778 272 1845 Bebrycia
284 1777 398 1832 veniens
409 1777 510 1846 Amyci
523 1780 650 1849 degente
668 1782 784 1850 ferebat,

130 1867 258 1924 Perculit
270 1877 299 1925 et
313 1872 386 1926 fulva
399 1873 593 1927 moribundum
606 1875 732 1929 extendit
744 1875 854 1928 harena.

130 1957 204 2012 Talis
217 1960 309 2028 prime
321 1960 407 2016 Dares
422 1967 505 2030 caput
514 1962 601 2017 altum
613 1963 641 2016 in
655 1963 760 2033 proelia
772 1963 852 2031 tollit,

131 2044 317 2115 Ostenditque
329 2065 439 2108 umeros
451 2048 530 2117 latos,
546 2050 705 2118 alternaque
717 2051 802 2104 iactat

131 2131 268 2187 Bracchia
279 2135 456 2203 protendens,
472 2143 500 2189 et
511 2137 641 2190 verberat
653 2136 753 2190 ictibus
765 2153 853 2191 auras.

131 2219 284 2284 Quaeritur
296 2221 361 2274 huic
373 2221 458 2289 alius,
479 2239 531 2276 nec
544 2224 687 2292 quisquam
700 2240 733 2276 ex
746 2224 855 2291 agmine
868 2229 947 2278 tauto

130 2307 228 2361 Audet
241 2307 319 2361 adire
330 2308 420 2362 virum
433 2310 612 2378 manibusque
624 2310 754 2364 inducere
769 2317 884 2366 caestus.

129 2394 207 2462 Ergo
219 2395 326 2459 alacris,
341 2401 509 2465 cunctosque
520 2403 622 2466 putans
634 2398 767 2452 excedere
779 2397 878 2466 palma,

130 2481 245 2536 Aeneae
258 2482 337 2536 stetit
350 2483 518 2560 antepedes,
531 2500 584 2538 neo
595 2485 675 2552 plura
686 2491 817 2550 moratus,

130 2568 201 2622 Tum
213 2569 293 2623 laeva
304 2575 415 2622 taurum
428 2586 514 2623 cornu
523 2577 606 2639 tenet,
622 2577 704 2640 atque
716 2572 757 2625 ita
768 2573 855 2626 fatur:

133 2656 232 2710 “Nate
246 2656 305 2723 dea,
320 2657 341 2709 si
355 2673 437 2710 nemo
449 2657 532 2712 audet
545 2675 574 2712 se
587 2659 698 2712 credere
711 2676 827 2727 pugnae,

131 2743 208 2808 Quae
220 2743 285 2796 linis
298 2743 407 2797 standii
427 2753 481 2813 quo
494 2762 538 2798 rue
550 2745 631 2799 decet
644 2763 729 2814 usque
741 2747 846 2800 teneril

130 2831 239 2885 Ducere
252 2831 325 2884 dona
336 2830 427 2885 iube.'’
466 2830 565 2886 Ouncti
578 2832 660 2885 simul
673 2849 720 2886 ore
730 2833 884 2888 fremebant

130 2917 315 2986 Dardanidae,
330 2918 462 2987 reddique
475 2920 535 2973 viro
547 2921 682 2988 promissa
693 2920 834 2975 iubebant.

130 3005 182 3058 Hic
194 3006 288 3074 gravis
300 3004 441 3058 Entellum
454 3005 536 3060 dictis
549 3007 665 3075 castigat
679 3007 800 3074 Acestes,

130 3091 276 3146 Proximus
284 3099 317 3145 ut
329 3091 466 3146 viridante
478 3096 542 3146 toro
554 3093 716 3148 consederat
726 3095 843 3148 herbae:

131 3179 272 3247 “Entelle,
286 3179 403 3232 heroum
418 3179 556 3247 quondam
569 3180 720 3234 fortissime
733 3181 843 3246 frustra,

129 3265 254 3321 Tantane
266 3272 323 3321 tam
335 3266 446 3336 patiens
457 3266 535 3319 nullo
550 3268 701 3322 certamine
715 3268 776 3321 tolli

128 3351 210 3408 Dona
222 3353 312 3407 sines?
332 3353 379 3406 ubi
393 3368 467 3405 nuno
480 3352 559 3406 nobis
571 3353 639 3407 deus
652 3353 698 3408 ille
711 3354 843 3422 magister

129 3438 303 3510 Nequiquam
313 3446 486 3494 memoratus
497 3439 592 3506 Eryxl
611 3441 659 3493 ubi
672 3441 746 3495 fama
758 3458 808 3509 per
822 3458 931 3495 omnem

129 3525 304 3596 Trinacriam,
319 3536 348 3581 et
361 3526 452 3595 spolia
462 3526 511 3580 illa
523 3528 578 3580 tuis
591 3527 742 3594 pendentia
754 3529 852 3584 teotisi
863 3529 879 3555 ''
