2734 3936
464 249 602 300 vasam
625 251 755 300 ECLOGA
775 251 833 303 Vll.

132 409 163 464 Si
176 427 233 480 qua
243 411 317 464 forte
328 410 421 464 ferant
434 411 520 464 oculis
532 429 591 464 sese
604 412 686 466 obvia
697 414 800 467 nostris

131 497 302 551 Errabunda
314 497 393 551 bovis
404 498 534 566 vestigia:
555 499 673 552 forsitan
685 499 770 568 illurn,

136 586 194 637 Aut
206 584 296 638 herba
307 589 420 653 captum
433 585 521 652 viridi,
536 591 584 639 aut
596 592 721 641 armenta
734 593 866 654 secutum,

134 671 294 726 Perducaut
306 672 414 741 aliquae
426 671 535 726 stabula
547 673 582 727 ad
595 674 732 742 Gortynia
745 676 872 730 vaccae.'’

134 758 206 811 Tum
218 759 294 812 canit
306 759 491 826 Hesperidum
504 761 632 814 miratam
645 761 718 815 mala
730 762 863 830 puellam,

135 847 204 899 Tum
218 844 456 900 Phaethontiadas
468 863 563 900 museo
574 847 727 902 circumdat
739 865 848 904 amarae

135 932 263 1000 Corticis,
278 938 360 1002 atque
372 933 431 986 solo
444 949 572 1002 proceras
584 934 665 1004 erigit
677 936 769 999 alnos:

135 1020 207 1072 Turn
219 1020 301 1088 canit,
316 1025 454 1074 errantem
467 1020 605 1075 Permessi
617 1021 652 1075 ad
665 1021 779 1078 flumina
791 1023 901 1078 Gallum

135 1107 234 1161 Aonas
245 1107 275 1159 in
287 1107 391 1160 montis
402 1112 433 1161 ut
445 1107 556 1162 duxerit
568 1125 624 1162 una
636 1126 770 1178 sororum,

135 1193 229 1262 thue
242 1195 302 1247 viro
315 1193 420 1248 Phoebi
434 1195 533 1248 chorus
545 1195 732 1251 adsurrexerit
745 1197 848 1264 omnis,

137 1280 176 1334 Ut
187 1280 272 1334 Linus
285 1281 353 1334 haec
364 1281 412 1349 illi,
427 1281 521 1335 divino
534 1283 657 1337 carmine
670 1289 771 1352 pastor,

135 1367 264 1421 Floribus
277 1379 359 1437 atque
372 1368 436 1437 apio
448 1369 532 1422 erinis
545 1375 659 1422 ornatus
671 1387 773 1438 amaro,

136 1454 260 1508 Dixerit:
283 1457 299 1484 “
309 1455 367 1509 Hos
380 1455 432 1509 tibi
443 1455 512 1509 dant
524 1455 650 1522 calamos,
665 1473 700 1510 en
713 1457 813 1526 accipe,
828 1457 930 1528 Musae,

136 1541 260 1596 Ascraeo
272 1559 340 1611 quos
352 1550 417 1596 ante
430 1544 496 1609 seni,
512 1543 610 1612 quibus
621 1543 667 1596 ille
681 1544 788 1598 solebat

137 1629 282 1683 Cantando
294 1631 398 1698 rigidas
410 1630 545 1685 deducere
556 1630 700 1684 montibus
712 1648 802 1686 ornos.

136 1717 188 1770 His
199 1717 251 1770 tibi
265 1717 371 1784 Grynei
382 1719 505 1772 nemoris
518 1718 626 1772 dicatur
639 1718 723 1786 origo,

135 1802 164 1856 N
164 1820 179 1856 e
193 1804 253 1872 quis
265 1804 301 1857 sit
312 1803 397 1872 lucus,
412 1821 467 1872 quo
478 1821 507 1858 se
519 1804 580 1872 plus
592 1806 677 1858 iactet
690 1805 820 1873 Apoll0.''

136 1889 207 1954 Quid
223 1889 327 1958 loquar,
341 1895 389 1944 aut
402 1890 521 1958 Scyllam
534 1890 602 1959 Nisi,
617 1908 699 1959 quarn
711 1893 785 1945 fama
797 1897 891 1946 secuta
904 1898 945 1946 est

136 1977 262 2031 Candida
274 1978 442 2032 succinctam
453 1978 620 2032 latrantibus
632 1979 745 2046 inguina
757 1980 888 2033 monstris

136 2064 279 2118 Dulichias
291 2082 405 2118 vexasse
418 2070 492 2118 rates
504 2071 533 2118 et
544 2065 653 2133 gurgite
665 2065 695 2118 in
708 2065 765 2119 alto

134 2151 195 2206 Ahl
216 2152 330 2206 timidos
341 2158 440 2207 nautas
452 2153 566 2207 canibus
578 2153 713 2206 lacerasse
725 2153 853 2220 marinis,

133 2239 194 2293 Aut
207 2245 238 2292 ut
249 2245 371 2294 mutatos
383 2239 461 2295 Terei
473 2240 628 2294 narraverit
640 2245 724 2308 artus,

135 2325 210 2392 Quas
222 2327 263 2380 illi
275 2326 430 2381 Philomela
442 2327 533 2396 dapes,
549 2343 618 2395 quae
631 2327 704 2380 dona
715 2327 828 2395 pararit,

134 2413 197 2479 Quo
210 2431 292 2467 cursu
305 2414 414 2468 deserta
425 2415 564 2483 petiverit,
579 2419 607 2468 et
620 2415 718 2483 quihus
730 2421 794 2469 ante

133 2500 237 2554 Infelix
250 2518 299 2555 sua
311 2506 388 2554 tecta
400 2501 640 2570 supervolitaverit
653 2501 719 2555 alisi

169 2587 278 2656 Omnia,
293 2605 370 2656 quae,
385 2587 500 2642 Phoebo
514 2588 651 2656 quondam
665 2588 824 2657 meditante,
839 2589 935 2644 beatus

133 2675 232 2729 Audiit
244 2675 372 2740 Eurotas,
386 2675 519 2744 iussitque
532 2676 653 2730 ediscere
665 2675 766 2744 lauros,

132 2761 182 2816 ille
195 2761 402 2830 canit-pulsae
414 2763 539 2815 referunt
551 2762 586 2816 ad
598 2762 689 2816 sidera
701 2762 820 2816 valles—

132 2850 238 2918 Oogere
251 2849 341 2902 donee
354 2849 413 2902 ovis
426 2849 539 2902 stabulis
552 2865 751 2918 numerumque
763 2850 861 2905 referri

134 2939 217 2991 lussit
230 2945 259 2990 et
279 2935 368 2988 invito
380 2937 515 3004 prooessit
528 2935 635 3004 Vesper
648 2935 777 3006 Olympo.

593 3091 691 3098 ..ψ-.-

519 3180 672 3236 ECLOGA
696 3181 762 3237 VII.

390 3301 554 3339 rannmonus.
592 3303 731 3340 ocnrnou.
769 3303 893 3342 rurasrs.

130 3390 199 3446 Mun.
219 3389 308 3444 Forte
321 3388 373 3442 sub
386 3393 483 3456 arguta
495 3389 656 3443 consederat
670 3390 731 3442 ilioe
743 3389 878 3458 Daphnis,

131 3477 388 3547 Compulerantque
400 3491 496 3543 greges
508 3476 638 3542 Oorydcn
652 3481 680 3529 et
692 3475 805 3542 Thyrsis
817 3477 845 3528 in
859 3494 952 3548 unum,

130 3563 242 3634 Thyrsis
254 3564 325 3631 ovis,
341 3561 470 3630 Corydon
484 3562 618 3617 distentas
630 3563 701 3618 lacte
714 3561 839 3632 capellas,
