2656 3940
393 243 531 295 VERGlLI
554 245 719 295 AENEIDOS
742 241 773 296 Χ.
854 285 872 312 a„
968 213 1014 327 ’,μ

87 406 227 462 Exterrens
238 407 323 476 freta3
343 408 387 462 cui
399 407 516 462 laterum
529 413 611 462 tenus
623 407 732 476 hispida
744 405 821 460 nanti

87 493 165 548 Frons
175 495 314 549 hominem
326 495 456 564 praefert,
470 495 500 548 in
512 495 620 563 pristim
634 494 735 548 desinit
748 495 840 561 alvus3

87 581 196 650 Spumea
208 584 338 637 semifero
351 583 402 636 sub
414 587 527 651 pectore
539 588 695 636 murmurat
708 581 790 635 unda.

116 669 165 724 Tot
175 670 238 726 lecti
251 686 381 739 proceres
392 674 436 724 ter
448 670 528 724 denis
539 669 657 724 navibus
667 670 747 723 ibant

86 755 204 811 Subsidio
216 757 321 827 Troiae,
336 761 365 812 et
377 773 488 826 campos
499 756 564 811 salis
577 773 640 810 acre
653 757 793 812 secabant.

116 844 222 914 Iamque
235 844 294 898 dies
306 844 382 898 caelo
394 855 574 911 concesserat,
590 844 714 913 almaque
727 861 809 898 curru

89 927 232 1000 Noctivago
244 931 357 986 Phoebe
368 931 488 985 medium
501 932 629 1000 pulsabat
642 931 808 1000 Olympum:

88 1019 312 1088 Aeneas—neque
325 1020 399 1073 enim
411 1020 542 1072 membris
553 1019 602 1072 dat
615 1035 681 1072 cura
693 1020 850 1088 quietem-

87 1103 140 1175 lpse
152 1107 248 1162 sedens
258 1106 421 1175 clavumque
433 1107 505 1174 regit
518 1106 641 1176 velisque
654 1108 798 1161 ministrat.

87 1194 170 1263 Atque
180 1195 222 1248 illi
234 1195 327 1248 medic
339 1194 368 1246 in
381 1194 470 1262 spatio
484 1193 591 1259 chorus,
607 1211 677 1262 ecee,
692 1211 804 1249 suarum

88 1280 203 1335 Occurrit
215 1282 364 1335 comitum:
386 1279 539 1349 Nymphae,
555 1297 621 1350 quas
633 1282 704 1336 alma
715 1282 829 1350 Oybebe

88 1367 188 1422 Numen
198 1369 305 1424 habere
317 1368 401 1422 maris
413 1367 612 1437 Nymphasque
625 1385 641 1423 e
654 1369 770 1422 navibus
783 1385 842 1422 esse

88 1453 203 1525 Iusserat,
216 1456 354 1510 innabant
366 1456 469 1524 pariter
481 1456 634 1525 fluctusque
647 1457 785 1524 secabant,

89 1541 153 1606 Quot
163 1543 362 1612 prius'aeratae
374 1547 508 1596 steterant
521 1543 554 1596 ad
568 1543 649 1597 litora
661 1560 768 1612 prorae.

89 1629 239 1697 Agnoscunt
251 1631 335 1698 longe
348 1647 449 1699 regem,
462 1630 637 1700 lustrantque
649 1631 765 1687 choreis.

88 1716 198 1781 Quarum
211 1735 282 1787 quae
294 1717 373 1771 fandi
385 1717 544 1772 doctissima
556 1718 738 1787 Cymodocea,

88 1803 155 1858 Pone
167 1822 282 1874 sequens
295 1805 395 1859 dextra
407 1807 521 1874 puppim
532 1811 619 1873 tenet,
633 1807 746 1875 ipsaque
759 1806 841 1859 dorso

88 1888 195 1961 Eminet,
209 1909 241 1947 ac
253 1893 336 1946 laeva
349 1892 441 1946 tacitis
454 1894 624 1961 subremigat
636 1893 732 1962 undis3

89 1977 148 2033 Tum
161 1983 197 2036 sio
209 1984 340 2052 ignarum
354 1982 524 2051 adloquitur:
549 1983 565 2010 “
574 1981 725 2050 Vigilasne,
741 1981 822 2035 deum
835 1997 909 2049 gens,

89 2066 190 2124 Aenesi
209 2071 302 2140 vigila,
320 2075 349 2123 et
360 2069 429 2123 velis
440 2070 560 2122 immitte
572 2069 705 2124 rudentis.

89 2153 140 2210 llos
149 2175 249 2228 ¹smnus,
264 2159 365 2212 Idaeae
379 2174 457 2211 sacro
468 2157 503 2210 de
516 2157 621 2210 vertice
634 2157 722 2226 pinus,

89 2239 161 2298 Nune
171 2245 260 2315 pelagi
274 2245 433 2314 Nymphae,
449 2244 542 2298 classis
555 2250 610 2298 tua.
647 2243 773 2297 Perfidus
785 2248 817 2296 ut
829 2260 880 2297 nos

89 2327 238 2402 Praecipitis
250 2335 328 2388 ferro
340 2332 459 2386 Rutulus
471 2331 634 2400 flammaque
647 2331 798 2399 premebat,

89 2415 211 2487 Rupimus
222 2422 331 2476 invitae
342 2426 392 2474 tua
405 2419 524 2486 vincula,
539 2424 621 2487 teque
632 2435 683 2487 per
695 2434 797 2486 aequor

89 2504 246 2570 Quaerimus.
285 2508 368 2562 Hanc
381 2507 515 2562 Genetrix
528 2507 626 2560 faciem
638 2507 768 2559 miserata
780 2505 885 2573 refecit,

89 2591 120 2645 Et
130 2594 200 2650 dedit
213 2614 272 2651 esse
286 2598 361 2663 deae,
377 2611 528 2664 aerumque
543 2594 648 2663 agitare
660 2593 711 2647 sub
724 2593 812 2646 undis.

89 2679 124 2734 At
134 2699 197 2750 puer
211 2685 348 2738 Ascanius
360 2699 440 2736 muro
453 2683 586 2751 fossisque
598 2687 709 2736 tenetur

89 2765 146 2822 Tela
155 2771 225 2825 inter
236 2772 330 2825 media
343 2777 426 2840 atque
438 2769 578 2825 horrentis
590 2769 680 2823 Marte
693 2767 814 2822 Latinos.

89 2852 140 2909 lam
150 2858 209 2913 loca
220 2859 295 2913 iussa
307 2863 386 2912 tenet
398 2859 466 2911 forti
479 2859 633 2926 permixtus
644 2859 763 2910 Etrusco

90 2941 167 2998 Arcas
179 2963 268 3016 eques.
308 2945 416 2999 Medias
428 2945 480 2999 illis
493 2962 633 3015 opponere
645 2952 759 3011 turmas,

90 3025 126 3083 Ne
137 3035 228 3088 eastris
240 3034 366 3102 iungant,
382 3037 458 3086 certa
471 3038 513 3086 est
525 3034 663 3087 sententia
676 3031 777 3086 Turno.

91 3114 166 3186 Surge
178 3137 235 3190 age,
250 3129 279 3174 et
292 3119 405 3173 Aurora
417 3121 505 3173 socios
518 3120 647 3173 veniente
659 3120 753 3174 vocari

91 3199 186 3260 Primus
197 3208 226 3261 in
239 3224 320 3262 arma
333 3207 406 3269 iube,
421 3212 450 3261 et
461 3207 580 3276 clipeum
594 3224 669 3275 cape,
684 3223 764 3275 quem
778 3206 856 3260 dedit
867 3205 926 3275 ipse

91 3288 215 3348 Invictum
228 3295 399 3364 Ignipotens,
415 3300 496 3363 atque
509 3311 570 3349 oras
583 3295 681 3349 ambiit
694 3311 769 3348 curo.

92 3376 206 3436 Crastina
218 3383 273 3451 lux,
289 3399 354 3435 mea
366 3381 389 3435 si
401 3398 458 3434 non
470 3382 555 3436 inrita
567 3382 641 3436 diota
652 3382 766 3450 putaris,

91 3461 203 3534 Ingentis
214 3469 337 3524 Rutulae
349 3469 485 3538 spectabit
498 3469 590 3523 caedis
603 3468 743 3523 acervos.”

90 3550 207 3624 Dixerat3
228 3563 256 3611 et
269 3557 370 3610 dextra
382 3556 525 3610 discedens
537 3556 648 3625 impulit
660 3556 753 3624 altam,

937 357 982 442 ,a
1041 409 1093 459 mo
