2730 3936
503 239 641 288 VERGILI
663 240 827 290 AENEIDOS
850 240 896 291 111.

190 401 227 455 Et
239 401 298 454 nati
310 403 446 468 natorum,
462 404 490 454 et
503 401 549 470 qui
562 408 709 456 nascentur
722 402 756 456 ab
769 402 851 455 illis.’'

190 488 266 541 Haec
278 487 423 555 Phoebus3
444 487 586 557 mixtoque
599 489 696 556 ingens
708 494 805 543 exorta
818 489 939 542 tumultu

191 575 315 644 Laetitia,
329 582 357 629 et
370 575 472 644 cuncti,
487 593 557 644 quae
570 576 625 630 sint
637 593 671 630 ea
683 577 800 642 moenia,
815 581 960 646 quaerunt,

191 664 252 729 Quo
265 663 394 716 Phoebus
406 668 489 716 vocet
501 665 620 718 errantis
632 665 780 732 iubeatque
792 664 914 718 revertit

190 752 260 806 Tum
272 752 388 819 genitor,
402 755 527 804 veterum
540 751 655 805 volvens
668 756 848 804 monumenta
861 750 992 818 virorum,

191 842 208 868 “
219 839 331 906 Audite,
345 855 362 890 ο
374 837 530 906 proceres,”
544 839 590 905 ait,
607 839 623 898 “,
631 847 660 891 et
673 855 734 907 spes
747 839 843 892 discite
856 844 978 892 vestras:

190 927 274 980 Creta
286 925 359 977 lovis
371 924 463 992 magni
476 925 567 978 medio
580 927 652 978 iacet
664 926 754 979 insula
765 931 869 996 pont03

190 1015 270 1068 Mons
283 1013 382 1065 Idaeus
395 1012 449 1078 ubi,
464 1018 492 1064 et
505 1013 594 1080 gentis
607 1013 743 1066 cunabula
754 1019 872 1068 nostrae.

190 1102 307 1156 Centum
321 1100 403 1153 urbes
416 1098 542 1153 habitant
553 1116 674 1168 magnas,
689 1101 829 1154 uberrima
841 1117 939 1170 regna;

189 1189 326 1242 Maximus
339 1185 412 1238 unde
425 1190 511 1254 pater,
526 1187 549 1239 si
562 1187 615 1240 rite
628 1187 722 1240 audita
733 1189 871 1256 recordor,

189 1277 310 1330 Teucrus
322 1273 462 1327 Rhoeteas
474 1275 595 1343 primum
608 1281 650 1329 est
663 1277 793 1330 advectus
806 1276 841 1330 ad
854 1293 924 1342 oras,

190 1363 359 1431 Optavitque
371 1361 461 1413 locum
476 1377 569 1429 regno.
608 1363 740 1417 Nondum
754 1364 835 1417 'Ilium
848 1369 877 1417 et
889 1379 968 1416 arces

190 1450 355 1518 Pergameae
368 1452 518 1515 steterant;
539 1448 703 1506 habitabant
716 1452 833 1506 vallibus
845 1451 916 1504 imis.

190 1539 263 1592 Hinc
275 1548 364 1592 mater
376 1539 476 1594 cultrix
491 1539 611 1606 Cybelae
626 1539 849 1607 Corybantiaque
862 1553 926 1592 aera

190 1625 356 1694 Idaeumque
368 1643 481 1692 nemus,
504 1626 567 1680 binc
579 1626 636 1681 fida
647 1627 757 1680 silentia
769 1627 860 1694 sacris,

189 1713 225 1767 Et
237 1714 325 1766 iuncti
338 1730 448 1766 currum
463 1713 589 1767 dominae
603 1713 710 1767 subiere
723 1713 824 1767 leones,

189 1801 263 1870 Ergo
275 1800 357 1869 agite,
373 1806 408 1868 et,
424 1801 517 1854 divom
530 1801 635 1854 ducunt
648 1818 702 1869 qua
715 1801 796 1868 iussa,
812 1816 974 1869 sequamur,

189 1889 333 1943 Placemus
346 1895 444 1942 ventos
457 1894 485 1942 et
498 1889 600 1942 Cnosia
612 1905 698 1956 regna
709 1895 844 1956 petamus.

189 1976 215 2029 N
217 1994 248 2031 ec
259 1977 343 2046 longo
357 1977 460 2030 distant
474 1993 569 2042 eursu,
591 1976 674 2029 modo
689 1975 813 2045 luppiter
827 1975 905 2042 adsit,

188 2065 281 2118 Tertia
292 2065 339 2118 lux
353 2065 467 2118 classem
480 2064 604 2118 Cretaeis
617 2065 695 2117 sistet
707 2065 735 2118 in
749 2063 832 2117 oris.'’

188 2152 233 2206 Sia
246 2153 328 2220 fatue,
342 2153 456 2206 meritos
470 2152 523 2205 aris
535 2153 667 2206 mactavit
681 2153 807 2220 honores,

188 2242 307 2296 Taurum
321 2242 459 2311 Neptuno,
474 2247 585 2297 taurum
597 2241 657 2306 tibi,
672 2239 786 2308 pulcher
798 2239 908 2307 Apollo,

188 2330 303 2399 Nigrum
316 2330 408 2384 Hiemi
421 2331 562 2399 pecudem,
577 2327 712 2396 Zephyris
724 2326 850 2380 felicibus
863 2326 961 2380 albam.

222 2418 308 2472 Fama
320 2419 396 2472 volat
409 2418 516 2488 pulsum
531 2416 622 2485 regnis
636 2414 747 2468 cessisse
756 2412 880 2482 paternis

187 2503 336 2559 Idomenea
348 2505 454 2570 ducem,
470 2504 633 2572 desertaque
647 2501 730 2555 litora
743 2499 851 2566 Cretae,

188 2591 275 2646 Hoste
287 2609 385 2646 vacare
398 2593 502 2658 domos,
519 2592 651 2659 sedesque
667 2593 756 2643 astare
770 2587 886 2642 relictas,

187 2679 347 2748 Linquimus
361 2679 493 2746 Ortygiae
505 2685 610 2747 portus,
629 2679 781 2746 pelagoque
795 2674 927 2741 volamus,

187 2765 407 2834 Bacchatamque
420 2765 489 2834 iugis
502 2764 602 2819 Naxon
617 2764 789 2832 viridemque
804 2762 953 2830 Donusam,

187 2853 315 2921 Olearon,
329 2854 492 2921 niveamque
505 2853 596 2906 Paron
610 2868 772 2921 sparsasque
787 2867 836 2919 per
849 2865 952 2918 aequor

187 2941 320 3008 Cycladas
332 2948 361 2995 et
374 2941 479 2995 crebris
491 2940 605 3008 legimus
618 2941 692 2994 freta
705 2938 815 2994 concita
826 2937 915 2992 terris.

186 3029 321 3082 Nauticus
333 3030 457 3083 exoritur
470 3028 546 3081 vario
559 3028 710 3082 certamine
724 3026 844 3093 clarnor3

187 3115 341 3169 Hortantur
354 3115 428 3184 socii,
443 3114 556 3170 Cretam
568 3131 741 3184 proavosque
754 3121 888 3182 petamus.

186 3203 364 3271 Prosequitur
377 3221 490 3272 surgens
503 3221 519 3258 a
531 3203 617 3272 puppi
632 3209 729 3255 ventus
744 3199 843 3266 euntis,

185 3290 223 3342 Et
236 3290 348 3343 tandem
361 3292 483 3359 antiquis
496 3291 627 3344 Curetum
641 3287 795 3342 adlabimur
808 3286 871 3340 oris.

185 3377 259 3441 Ergo
272 3377 370 3431 avidus
382 3395 476 3430 muros
489 3383 600 3446 optatae
612 3375 711 3429 molior
724 3373 808 3440 urbis,

185 3464 418 3532 Pergameamque
432 3481 508 3530 voce,
523 3471 551 3516 et
562 3464 662 3517 laetam
677 3462 841 3529 cognomine
854 3463 966 3528 gentem

187 3550 291 3603 Hortor
303 3567 396 3604 amare
408 3551 486 3604 socos
498 3566 643 3618 arcemque
656 3549 784 3602 attollere
798 3547 887 3602 tectis.
