2706 3938
419 217 558 266 unauna
580 216 745 265 antemnas
768 216 814 266 111.

104 378 221 435 ¹Addiui:
243 381 313 434 satis
326 385 370 434 est
383 386 495 448 gentem
508 378 637 445 effugisse
649 377 806 432 nefandam.

109 464 163 522 Vos
175 469 298 522 animam
311 469 386 521 hane
397 468 491 536 potius
505 482 677 535 quocumque
690 465 826 518 absumite
838 464 922 520 lst0.”

142 555 195 608 Vix
209 556 332 609 ecfatus
345 558 413 621 erat,
428 569 609 606 summosam
621 558 716 606 monte
729 552 854 606 videmus
1075 557 1126 606 ott

106 641 197 711 Ipsum
211 645 287 695 inter
299 641 420 710 pecudes
433 645 511 693 vasta
524 656 552 692 se
565 639 637 693 mole
651 644 808 694 moventem

105 729 249 783 Pastorem
261 727 463 796 Polyphemum
477 731 505 778 et
517 725 600 779 litora
612 731 680 780 nota
692 731 841 795 petentem,

106 815 261 869 Monstrum
274 813 452 876 horrendum,
466 813 595 881 infonne,
609 813 714 880 iugens,
729 813 774 868 cui
786 813 880 868 lumen
892 813 1061 884 ademptum.

105 903 215 956 Trunca
227 918 312 958 manu
324 902 406 969 pinus
419 899 489 968 1·th
502 910 530 954 et
542 900 659 966 vestigia
671 900 778 964 firmat:

105 990 258 1059 Lanigerae
270 991 438 1042 comitantur
451 1003 531 1055 oves;
553 1003 585 1042 ea
597 987 656 1041 sola
669 988 798 1057 voluptas
1075 993 1126 1042 660

105 1077 290 1145 Solamenque
302 1076 374 1129 mali.

104 1165 257 1234 Postquam
271 1163 340 1216 altos
352 1162 444 1231 tetigit
457 1162 556 1216 fluctus
570 1169 598 1217 et
612 1164 647 1218 ad
661 1183 780 1234 aequora
792 1167 876 1234 venit,

105 1250 231 1304 Luminis
243 1251 337 1304 effossi
349 1249 464 1302 fluidum
477 1248 545 1304 lavit
559 1251 624 1304 inde
638 1269 772 1320 cruorem,

105 1339 244 1393 Dentibus
256 1337 416 1390 infrendens
427 1337 538 1405 gemitu,
558 1339 737 1407 graditurque
750 1357 799 1407 per
811 1356 914 1408 aequor

105 1427 163 1480 Iam
176 1425 308 1492 medium,
321 1425 439 1479 necdum
452 1425 551 1480 fluctus
565 1427 652 1481 latera
664 1427 750 1480 ardua
763 1427 855 1480 tinxit.

106 1513 166 1567 Nos
178 1511 275 1582 procul
288 1512 352 1566 inde
365 1513 460 1580 fugam
475 1513 576 1582 trepidi
589 1513 717 1581 celerare,
732 1520 844 1580 recepto

106 1601 236 1669 Supplice
249 1601 288 1653 sio
300 1601 408 1668 merito,
423 1603 556 1670 tacitique
570 1601 691 1655 incidere
704 1602 813 1668 funem3

104 1688 133 1742 ‘V
135 1687 253 1742 errimus
266 1692 295 1740 et
306 1689 387 1756 proni
401 1690 571 1746 cortentibus
585 1705 703 1757 aequora
715 1689 807 1743 remis

105 1775 207 1843 Sensit,
223 1774 298 1828 etad
311 1776 433 1828 sonitum
447 1777 524 1830 vocis
538 1776 653 1843 vestigia
666 1777 754 1830 torsit.

105 1866 212 1920 Veram
227 1866 273 1919 ubi
287 1865 363 1918 nulla
375 1865 456 1918 datur
469 1864 565 1918 dextra
578 1864 717 1918 adfectare
730 1869 859 1932 potestas,

105 1953 166 2008 Nec
177 1954 254 2023 potis
266 1953 359 2006 Ionios
371 1951 470 2006 fluctus
482 1968 600 2020 aequare
613 1951 760 2020 aequande,

105 2041 262 2094 Clamorem
275 2040 439 2092 immensum
452 2038 532 2106 tollit,
547 2055 600 2106 quo
613 2045 715 2108 pontus
727 2045 755 2092 et
768 2055 864 2092 omues

105 2125 308 2180 Contremuere
319 2124 417 2191 undae,
431 2123 595 2192 penitusque
608 2124 742 2176 exterrita
754 2123 836 2176 tellus

106 2212 210 2283 ltaliae,
226 2215 372 2283 curvisque
384 2211 522 2279 immugiit
537 2211 627 2264 Aetna
639 2211 772 2272 cavernis.

105 2303 147 2355 At
159 2319 246 2371 genus
258 2319 274 2355 e
286 2302 361 2354 silvis
373 2300 526 2368 Cyelopum
540 2303 568 2352 et
581 2298 722 2352 montibus
734 2298 797 2352 altis

105 2389 235 2443 Excitum
250 2390 307 2442 ruit
319 2389 354 2444 ad
366 2393 464 2457 portus
476 2392 505 2441 et
516 2385 603 2447 litora,
612 2385 761 2454 complent.

106 2476 253 2530 Cernimus
266 2477 379 2530 astantis
391 2477 556 2544 nequiquam
569 2473 673 2536 lumine
685 2478 767 2526 torvo

106 2563 250 2618 Aetnaeos
263 2565 371 2630 fratres,
387 2564 463 2616 eaelo
473 2561 563 2630 capita
576 2560 633 2614 alta
644 2561 765 2626 ferentis,

106 2650 262 2704 Concilium
274 2650 457 2704 horrendum:
478 2649 573 2718 quales
585 2664 648 2701 oum
660 2648 765 2701 vertice
777 2647 850 2702 celso

106 2739 207 2792 Aeriae
220 2753 345 2806 quercus,
360 2743 408 2790 aut
421 2737 561 2792 coniferae
576 2737 709 2806 cyparissi

107 2825 309 2893 Constiterunt,
323 2825 392 2878 silva
405 2825 462 2880 alta
474 2825 555 2894 Iovis,
570 2826 683 2880 lucusve
696 2824 811 2878 Dianae.

105 2911 271 2982 Praecipitis
282 2920 372 2965 metus
384 2929 447 2966 acer
459 2913 516 2981 agit
528 2929 701 2982 quocumque
714 2911 838 2965 rudentis

106 2999 251 3066 Excutere,
267 3005 295 3054 et
307 3001 399 3053 ventis
410 2999 556 3053 intendere
569 3000 631 3055 vela
644 3000 779 3054 secundis.

107 3087 212 3142 Contra
223 3089 298 3142 iussa
310 3092 426 3141 monent
438 3087 547 3156 Heleni,
562 3087 682 3155 Scyllam
695 3095 778 3156 atque
791 3086 961 3154 Charybdim

106 3171 182 3229 Inter
193 3182 342 3243 utramque
352 3173 427 3228 viam
439 3174 488 3229 leti
502 3174 659 3229 discrimine
672 3191 758 3243 parvo

105 3261 143 3316 Ni
155 3267 271 3318 teneant
284 3268 520 3316 causus—eertum
534 3266 576 3315 est
588 3261 654 3316 dare
666 3261 753 3316 lintea
764 3266 848 3316 retro.

105 3350 176 3405 Ecca
189 3357 283 3405 autern
298 3348 403 3402 Boreas
416 3358 533 3417 angusta
546 3349 580 3402 ab
593 3349 657 3402 sede
670 3349 762 3402 Pelori

105 3438 202 3492 Missus
216 3436 304 3491 adest.
344 3434 418 3489 Vivo
432 3435 629 3504 praetervehor
642 3435 712 3488 ostia
724 3451 791 3489 saxo

106 3524 256 3593 Pantagiae
268 3522 451 3590 Megarosque
464 3521 539 3574 sinus
553 3519 744 3590 Thapsumque
757 3522 902 3577 iacentem.
