2734 3936
432 217 570 265 VERGILI
594 215 782 265 GEORGIGON
807 217 832 265 II

124 380 214 450 Salve,
228 397 331 449 magna
343 394 445 448 parens
457 380 574 446 frugum,
590 377 719 431 Saturnia
732 377 822 445 tellus,

124 467 225 536 Magna
237 467 328 519 virum
339 484 345 520 :
366 466 419 519 tibi
431 482 475 519 res
487 466 616 534 antiquae
629 465 717 519 laudis
730 471 758 519 et
771 465 838 519 artis

125 554 279 623 Ingredior‚
295 559 406 608 sanctos
419 562 500 607 ausus
512 553 653 607 recludere
665 553 760 620 fontia,

126 644 332 710 Ascraeumque
348 657 416 694 cano
429 639 555 694 Romana
566 657 616 708 pei·
629 641 731 710 oppida
744 656 864 694 carmen.

160 728 243 782 Nunc
256 729 332 781 locus
344 744 475 781 arvorum
487 728 622 796 ingeniis:
643 745 713 796 quae
726 727 827 782 robora
839 728 945 797 cuique,

125 817 194 882 Quis
207 816 291 883 color,
306 821 334 868 et
346 831 416 884 quae
429 816 464 868 sit
477 815 560 868 rebus
572 821 671 869 natura
684 815 814 870 terendis.

124 901 259 956 Difficiles
271 903 390 971 primum
402 908 493 957 terrae
508 902 645 971 collesque
658 902 780 971 maligni,
822 951 824 956 .

125 989 226 1043 Tenuis
238 990 287 1043 ubi
301 990 396 1059 argilla
408 995 436 1044 et
448 989 570 1043 dumosis
585 989 705 1044 calculus
718 990 799 1057 arvis,

125 1077 250 1131 Palladia
262 1078 384 1146 gaudent
396 1078 466 1131 silva
479 1077 580 1130 vivacis
597 1077 694 1132 olivae.

124 1164 232 1218 Indicio
245 1171 286 1218 est
299 1171 390 1220 tractu
402 1181 516 1230 surgens
531 1164 648 1218 oleaster
661 1163 757 1218 eodem

125 1252 265 1306 Plurimus
278 1259 306 1306 et
319 1253 398 1307 strati
411 1253 486 1308 bacis
498 1253 671 1308 silvestribus
684 1253 751 1320 agri.

126 1341 166 1393 At
179 1357 248 1408 quae
262 1341 371 1409 pinguis
383 1341 483 1394 humus
494 1340 621 1410 dulcique
635 1339 738 1408 uligine
751 1339 831 1408 laeta,

126 1427 235 1496 Quique
248 1428 378 1496 frequens
390 1427 483 1481 herbis
495 1435 523 1482 et
535 1428 632 1482 fertilis
644 1427 728 1480 ubere
743 1443 891 1496 campus-

126 1512 242 1578 Qualem
256 1531 338 1582 saepe
350 1531 418 1568 cava
429 1515 531 1568 montis
543 1515 668 1569 convalle
681 1514 803 1568 solemus

126 1599 272 1670 Dispicere
287 1620 293 1654 :
313 1600 367 1655 huc
378 1602 491 1655 summis
503 1602 645 1671 liquuntur
659 1601 774 1670 rupibus
787 1617 888 1670 amnes,

125 1687 300 1757 Felicemque
313 1689 427 1742 trahunt
439 1689 672 1758 limum-quique
686 1689 776 1742 editus
789 1693 890 1756 austro,

125 1775 162 1828 Et
173 1775 274 1829 filicem
288 1777 378 1829 curvis
391 1777 506 1831 invisam
519 1778 607 1846 pascit
620 1777 734 1831 aratris:

126 1863 179 1916 Hic
193 1864 245 1916 tibi
257 1863 430 1931 praevalidas
442 1864 509 1918 olim
521 1864 662 1934 multoque
675 1865 785 1918 fluentis

126 1949 250 2004 Sufficiet
262 1949 372 2004 Baccho
384 1951 456 2017 vitis,
470 1952 516 2006 hic
531 1952 631 2006 fertilis
642 1969 720 2022 uvae,

125 2038 180 2091 Hic
192 2037 290 2106 laticis,
305 2038 411 2106 qualem
425 2039 528 2107 pateris
540 2039 657 2094 libamus
670 2048 786 2106 etcum,

125 2124 239 2178 lnfiavit
251 2142 312 2178 cum
326 2126 436 2194 pinguis
448 2127 516 2180 ebur
528 2127 685 2192 Tyrrhenus
699 2127 734 2180 ad
747 2144 809 2182 aras

124 2212 262 2266 lancibus
276 2218 304 2266 et
316 2210 414 2281 pandis
426 2214 563 2267 fumantia
575 2213 715 2268 reddimus
730 2221 801 2269 exta.

125 2300 174 2353 Sin
187 2304 315 2353 armenta
326 2300 413 2368 magis
426 2301 546 2354 studium
561 2301 715 2371 vitulosque
728 2303 810 2366 tueri,

126 2387 185 2440 Aut
197 2387 292 2441 ovium
305 2388 401 2455 fetum,
416 2393 463 2442 aut
474 2389 581 2442 urentis
594 2389 668 2444 culta
681 2389 807 2459 capellas,

126 2473 219 2527 Saltus
232 2479 260 2527 et
273 2475 359 2528 saturi
372 2475 460 2543 petito
473 2476 623 2546 longinqua
636 2476 756 2544 Tarenti,

125 2561 162 2614 Et
174 2561 283 2630 qualem
296 2561 393 2615 infelix
406 2563 497 2616 amisit
510 2563 625 2618 Mantua
637 2580 772 2633 campum,

125 2648 289 2702 Pascentem
301 2649 398 2702 niveos
409 2649 528 2704 herboso
541 2650 654 2704 flumine
668 2667 777 2718 cycnos.

125 2735 190 2788 Non
204 2736 301 2805 liquidi
313 2737 442 2804 gregibus
454 2738 553 2806 fontes,
567 2755 624 2792 non
637 2740 763 2808 gramina
775 2740 905 2809 deerunt3

124 2823 168 2892 Et,
184 2831 317 2892 quantum
331 2823 422 2892 longis
435 2832 550 2895 carpent
563 2833 689 2880 armenia
702 2826 806 2895 diebus,

124 2911 233 2979 Exigua
244 2917 354 2965 tantum
369 2912 474 2980 gelidus
487 2929 533 2966 ros
546 2923 629 2968 noete
641 2920 766 2983 reponet.

125 2997 212 3066 Nigra
224 3000 285 3052 iere
298 3005 327 3052 et
339 3015 434 3068 presso
447 3000 557 3068 pinguis
573 3001 623 3054 sub
636 3017 747 3055 vomere
762 3009 845 3070 terra,

124 3086 161 3140 Et
174 3088 218 3140 cui
229 3093 312 3156 putre
325 3087 580 3157 solum-namque
592 3087 645 3140 hoc
657 3088 799 3142 imitamur
812 3088 952 3141 arando-

126 3173 237 3241 Optima
248 3175 411 3240 frumentis;
432 3191 489 3227 non
504 3173 558 3226 ullo
572 3191 606 3228 ex
619 3191 737 3242 aequore
750 3192 846 3230 cernes

124 3260 207 3316 Plura
219 3263 333 3316 domum
346 3261 434 3316 tardis
446 3261 580 3316 decedere
592 3263 717 3330 plaustra
728 3263 869 3329 iuvencis3

125 3349 182 3403 Aut
195 3350 267 3404 unde
279 3351 369 3404 iratus
382 3348 477 3402 silvam
491 3348 601 3402 devexit
615 3354 708 3402 arator

124 3435 160 3490 Et
172 3454 286 3491 nemora
299 3437 402 3490 evertit
414 3436 517 3488 multos
529 3436 630 3504 ignava
642 3453 691 3504 per
704 3453 798 3505 annos,

123 3523 315 3647 Antgquaaque
328 3523 427 3577 domos
440 3523 531 3576 avium
544 3540 607 3576 oum
620 3517 752 3592 stirpibus
765 3524 828 3577 imis
