2730 3936
479 218 617 269 vultam
639 219 804 270 numos
826 219 872 270 111.

164 381 256 448 Quam
269 379 356 435 semel
368 379 516 435 informem
528 385 607 434 vasto
620 380 722 434 vidisse
734 381 784 434 sub
797 384 878 435 antro

164 468 287 536 Scyllam
302 472 330 521 et
343 466 476 522 caeruleis
489 467 604 521 canibus
616 467 775 522 resonantia
786 483 860 522 saxa

164 556 324 623 Praeterea,
338 554 362 607 si
374 570 428 623 qua
441 559 484 608 est
497 553 603 608 Heleno
617 554 771 623 prudentia,
785 556 843 608 vati

165 643 195 697 Si
208 659 263 712 qua
274 641 351 710 fides,
366 641 488 695 animum
502 641 525 694 si
539 642 610 695 veris
622 641 721 710 implet
733 641 845 710 Apollo,

165 730 261 784 Unum
274 727 343 782 illud
355 728 414 796 tibi,
428 733 494 782 nate
509 729 568 796 dea,
582 745 688 798 proque
701 729 829 782 omuibus
843 746 928 782 uuum

165 817 336 883 Praedicam,
351 820 380 870 et
391 822 519 886 repetens
531 817 687 886 iterumque
699 817 854 887 iterumque
868 820 1002 874 monebo:

165 904 283 959 Iunonis
295 919 411 972 maguae
423 904 543 974 primum
555 921 638 973 proce
651 921 754 958 numen
768 905 868 970 adora;

165 993 270 1047 Iunoni
282 1007 350 1046 caue
361 997 428 1046 uota
439 991 536 1059 libens,
553 991 748 1062 dominamque
761 999 905 1063 potentem

166 1079 344 1150 Supplicihus
356 1095 455 1148 supera
467 1079 562 1133 donis:
583 1079 622 1133 sic
634 1079 752 1149 denique
764 1082 854 1136 victor

166 1168 311 1222 Trinacria
322 1167 386 1220 finis
397 1167 483 1222 Italos
495 1169 605 1222 mittere
616 1170 721 1224 relicta

167 1257 232 1310 Huc
244 1256 293 1309 ubi
305 1255 411 1310 delatus
424 1255 573 1311 Cumaeam
589 1258 735 1312 accesseris
747 1259 844 1312 urbem

167 1344 341 1412 Divinosque
353 1342 428 1396 lacus
440 1349 469 1398 et
480 1343 596 1400 Averna
609 1346 737 1400 sonantia
749 1345 833 1413 silvis,

168 1433 300 1486 Insanum
312 1436 402 1484 vatem
416 1433 538 1501 aspicies,
556 1449 625 1502 quae
637 1449 706 1502 rupe
719 1435 769 1488 snb
782 1434 838 1488 ima

167 1519 240 1573 Fata
251 1519 327 1573 cauit
337 1519 467 1588 foliisque
479 1527 560 1574 notas
572 1525 600 1574 ot
612 1522 727 1574 nomina
738 1521 859 1576 mandat.

169 1606 366 1675 Quaecumque
377 1607 407 1660 iu
420 1606 491 1660 soliis
503 1607 648 1676 descripsit
661 1608 783 1662 carmina
794 1610 881 1677 virgo,

102 1751 105 1755 ,
168 1694 280 1763 Digerit
292 1697 321 1746 in
333 1711 478 1750 numerum
492 1700 574 1764 atque
589 1705 669 1750 antro
683 1695 788 1749 seclusa
803 1696 941 1765 relinquit.

169 1781 222 1836 Illa
233 1786 347 1835 manent
359 1780 475 1836 immota
486 1781 555 1836 locis
567 1799 657 1852 neque
671 1783 706 1836 ab
719 1783 817 1837 ordine
829 1783 946 1850 ceduut;

169 1867 279 1924 Verum
292 1868 395 1937 eadem,
409 1885 490 1923 verso
504 1871 594 1924 tenuis
608 1887 669 1924 cum
684 1870 796 1924 cardine
808 1875 909 1924 ventus

168 1955 285 2026 Impulit
297 1960 326 2009 et
337 1960 447 2010 teneras
457 1957 581 2011 turbavit
593 1959 678 2012 ianua
688 1957 811 2026 frondes,

169 2043 330 2112 Numquam
343 2043 442 2096 deiude
455 2060 524 2097 cavo
537 2044 683 2098 volitantia
695 2045 830 2114 prendere
843 2061 919 2111 saxo,

169 2133 231 2188 Nee
244 2149 374 2187 revocare
386 2132 455 2186 situs
468 2138 516 2186 aut
528 2133 642 2200 iungere
656 2132 777 2186 carmina
790 2137 882 2186 curat:

169 2218 324 2274 Inconsulti
337 2221 448 2289 abeunt,
462 2219 609 2288 aedemque
623 2219 708 2273 odere
720 2219 849 2286 Sibyllae.

170 2307 224 2362 Hic
237 2307 290 2361 tibi
302 2324 337 2361 na
350 2323 404 2376 qua
416 2323 509 2362 morae
521 2306 626 2360 luerint
639 2307 784 2376 dispendia
796 2307 875 2376 tanti,

169 2395 305 2462 Quamvis
316 2395 483 2465 increpitent
496 2395 570 2464 socii,
587 2399 617 2448 et
629 2395 656 2448 vi
672 2411 768 2448 cursus
780 2394 809 2446 in
822 2394 908 2448 ultum

169 2481 244 2536 Vela
256 2487 339 2536 vocet
350 2483 491 2551 possisque
504 2482 580 2534 sinus
593 2481 709 2550 implere
722 2480 865 2547 secundos,

169 2571 247 2637 Quin
260 2571 341 2628 adeas
353 2578 445 2628 vatem
459 2573 640 2642 precibusque
654 2569 766 2624 oracula
777 2584 875 2636 poscas

169 2659 236 2729 Ipsa
247 2666 335 2728 canat,
346 2677 497 2730 vocemque
509 2660 606 2714 voleus
620 2664 702 2728 utque
718 2673 768 2710 ora
779 2656 908 2710 resolvat

169 2746 223 2802 Illa
234 2747 288 2802 tibi
299 2747 395 2803 ltaliae
407 2747 525 2817 populos
537 2753 708 2818 venturaque
722 2742 801 2811 bella,

169 2835 207 2889 Et
221 2852 276 2904 quo
289 2852 423 2905 quemque
435 2835 519 2890 modo
530 2836 677 2904 fugiasque
691 2834 818 2900 ferasque
831 2830 960 2899 laborem,

168 2923 317 2992 Expediet,
331 2939 481 2993 cursusque
493 2922 571 2977 dabit
582 2925 716 2992 venerata
730 2917 873 2973 secundos.

169 3011 248 3067 Haec
260 3014 333 3078 suut,
348 3027 417 3080 quae
429 3016 526 3064 nostru
537 3009 620 3064 liceat
634 3016 661 3063 te
675 3025 743 3062 voce
756 3007 872 3062 moneri.

169 3097 252 3153 Vade
264 3115 323 3167 age,
338 3101 367 3152 et
378 3098 520 3166 ingentem
531 3097 612 3150 iactis
624 3097 665 3150 ier
678 3095 713 3150 ud
727 3095 841 3149 aethera
853 3092 992 3148 Troiam.”

205 3185 286 3252 Quae
298 3191 444 3254 postquam
459 3191 535 3238 vates
547 3183 586 3236 sic
599 3199 647 3236 ore
661 3181 761 3236 effatus
775 3180 863 3234 amico
877 3189 927 3250 est,

167 3271 252 3330 Dona
264 3272 365 3328 dehinc
379 3289 446 3326 auro
459 3271 553 3339 gravia
566 3281 695 3340 sectoque
709 3269 858 3339 elephanto

168 3361 296 3430 imperat
308 3359 342 3414 ad
355 3359 435 3412 navia
447 3359 519 3425 ferri,
534 3359 673 3426 stipatque
687 3357 787 3411 carinis

168 3449 274 3516 Ingens
286 3452 439 3516 argentum,
455 3444 673 3513 Dodonaeosque
686 3435 799 3514 lebetas,

167 3535 297 3590 Loricam
310 3536 467 3587 consertam
479 3531 568 3586 hamis
579 3547 701 3600 auroque
714 3532 840 3601 trilicem,
