2668 3942
518 201 656 252 vnaelna'
680 202 844 252 nanninus
865 203 922 252 XII.

212 363 361 432 Obsedere,
375 363 421 418 alii
433 364 520 433 portis
534 364 695 418 sublimibus
708 370 807 419 astant.

215 427 234 508 l
246 451 286 504 At
299 451 369 504 luno
382 468 397 504 e
410 468 524 520 summo,
540 453 586 520 qui
599 468 672 505 nunc
684 452 811 506 Albanus
823 452 986 524 habetur,—

210 539 281 592 -Tnm
296 555 384 607 neque
396 555 497 592 nomeu
511 545 570 592 erat
582 555 632 592 nec
645 539 733 592 honos
746 544 794 593 aut
810 539 899 608 gloria
912 541 1038 594 monti-

212 627 386 695 Prospiciens
398 625 507 678 tumulo
520 642 647 694 campum
660 626 821 694 aspectabat
835 635 863 680 et
875 628 969 681 ambas

211 713 378 768 Laurentum
393 713 549 781 Troumque
562 714 634 766 acies
648 714 798 782 urbemque
811 713 911 769 Latini.

210 801 359 869 Extemplo
372 799 455 852 'lurni
469 802 508 854 sic
521 806 562 854 est
575 799 671 854 adfata
684 817 814 868 sororem,

210 888 284 941 Diva
295 887 382 955 deam,
398 888 503 955 stagnis
516 904 585 956 quae
598 887 810 956 fluminibusque
824 889 932 942 sonoris

209 975 474 1042 Praesidet‚-hunc
485 974 525 1027 illi
539 991 588 1027 rex
601 975 721 1028 aetheris
734 975 806 1028 altus
818 974 952 1029 bonorem

210 1062 334 1131 Iuppiter
346 1069 442 1130 erepta
453 1078 504 1130 pro
517 1062 676 1130 virginitate
690 1063 862 1118 sacravit-z

211 1151 227 1178 “
236 1149 264 1202 N
265 1149 375 1218 ympba‚
390 1149 474 1202 decus
486 1149 641 1216 fluviorum,
657 1149 749 1202 animo
762 1149 917 1216 gratissima
928 1156 1033 1219 nostro,

210 1238 275 1306 Scis,
290 1245 321 1292 ut
334 1245 362 1292 te
375 1238 481 1290 cunctis
494 1254 585 1304 uuam,
601 1253 788 1306 quaecumque
802 1237 917 1291 Latinae

209 1325 378 1394 Magnanimi
390 1325 464 1378 Iovis
475 1325 613 1392 ingratum
628 1324 775 1378 ascendere
789 1325 887 1392 cubile,

208 1415 397 1484 Praetulerim,
412 1414 533 1482 caelique
546 1413 634 1467 libens
647 1415 675 1466 in
689 1419 769 1482 parte
782 1415 895 1468 locarim
908 1433 914 1468 :

208 1502 290 1556 Disce
303 1508 389 1570 tuum,
404 1518 439 1554 na
451 1518 495 1554 me
508 1501 623 1570 incuses,
639 1501 762 1568 Iuturna,
777 1502 910 1556 dolorem.

209 1588 269 1653 Qua
282 1588 340 1642 visa
352 1593 393 1642 est
406 1589 529 1641 Fortuna
542 1589 607 1656 pati,
622 1588 780 1658 Parcaeque
793 1591 921 1643 sinebant

208 1675 312 1728 (ledere
325 1691 369 1727 res
383 1673 469 1742 Latio,
485 1675 608 1728 Turnum
622 1682 650 1727 et
662 1680 711 1729 tua
724 1676 834 1736 moenia
846 1677 919 1738 texi;

207 1762 289 1816 Nune
302 1763 430 1816 iuvenem
443 1763 595 1830 imparibus
608 1762 689 1815 video
702 1779 866 1816 concurrere
879 1764 951 1833 fatis,

207 1851 409 1918 Persarumque
423 1850 481 1902 dies
494 1855 523 1902 et
537 1850 577 1903 vis
589 1849 702 1902 inimica
714 1851 889 1919 propinquat.

207 1937 272 1992 Non
285 1954 406 2006 pugnam
419 1923 540 2004 aspicere
553 1936 624 1990 banc
638 1937 730 2004 oeulis,
746 1954 802 1990 nou
816 1939 928 1992 foedera
939 1955 1060 2007 possum.

207 2026 246 2078 Tu
261 2042 311 2094 pro
324 2041 454 2092 germano
467 2024 490 2077 si
504 2024 570 2092 quid
584 2025 754 2092 praesentius
767 2026 859 2092 audes,

206 2113 310 2182 Perge:
331 2113 419 2166 decet.
456 2111 559 2165 Forsan
574 2111 689 2164 miseros
701 2111 816 2166 meliora
829 2113 1006 2180 sequentur.”

166 2235 170 2242 ·
207 2200 263 2254 Vix
276 2217 315 2268 ea,
332 2217 394 2254 oum
407 2199 534 2252 lacrimas
548 2198 633 2252 oculis
646 2197 761 2253 lntnrna
773 2200 907 2268 profudit,

205 2288 312 2356 Terque
325 2293 475 2356 quaterque
488 2301 572 2339 manu
584 2291 680 2355 pectus
693 2287 829 2354 percussit
841 2287 996 2341 honesturn.

207 2377 224 2405 “
235 2375 299 2429 Non
312 2375 432 2429 lacrimis
444 2373 497 2426 hoc
509 2379 618 2441 tempus
628 2373 643 2399 '⁷
657 2373 696 2427 ait
709 2373 839 2428 Saturnia
852 2375 929 2443 luno,

207 2465 224 2492 “
236 2463 359 2528 Ascleta,
375 2468 402 2516 et
415 2463 539 2528 tratrem,
555 2461 577 2513 si
591 2462 651 2529 quis
664 2461 769 2529 modus,
785 2462 860 2529 eripe
875 2463 966 2530 morti,

205 2551 265 2604 Aut
277 2556 308 2603 tu
321 2550 394 2604 bella
406 2549 455 2618 cie,
470 2554 685 2618 conceptamque
699 2555 796 2602 excute
809 2550 916 2604 foedus.

204 2641 313 2692 Auctor
326 2654 376 2705 ego
390 2636 535 2690 audendi.''
573 2636 619 2690 Sic
632 2637 779 2690 exhortata
791 2636 903 2706 reliquit

204 2725 344 2780 Incertam
357 2731 385 2778 et
397 2724 469 2777 tristi
482 2725 621 2777 turbatam
634 2723 746 2776 volnere
758 2724 868 2778 mentis.

240 2813 350 2866 Interea
363 2828 454 2879 reges:
475 2812 580 2878 ingenti
595 2810 666 2864 mole
680 2809 795 2864 Latinus

205 2899 374 2966 Quadriiugo
387 2898 496 2952 vehitur
509 2915 598 2962 curru,
613 2898 657 2950 cui
669 2902 795 2965 tempora
807 2897 910 2952 circum

153 2995 157 3002 '
204 2987 306 3041 Aurati
318 2986 360 3039 bis
373 3002 420 3038 sex
433 2985 502 3039 radii
516 2985 650 3053 fulgentia
663 2985 785 3054 cingunt,
868 3037 870 3042 ,

205 3074 276 3128 Solis
289 3074 333 3128 avi
346 3073 484 3141 specimen
496 3091 502 3138 ;
523 3072 594 3139 bigis
606 3071 630 3123 it
643 3070 752 3124 Turnus
760 3072 791 3123 in
804 3071 881 3140 albia,

203 3160 275 3214 Bina
288 3177 369 3214 manu
382 3160 439 3214 lato
453 3161 576 3227 crispans
589 3158 699 3212 hastilia
710 3158 792 3212 ferro.

204 3248 277 3300 Hinc
290 3257 369 3314 pater
382 3247 499 3312 Aeneas,
514 3247 655 3300 Romanae
669 3246 762 3314 stirpis
776 3246 862 3316 origo,

203 3334 315 3386 Sidereo
328 3333 446 3400 flagrans
459 3335 546 3401 clipeo
560 3339 588 3386 et
600 3333 763 3388 caelestibus
775 3335 866 3402 armis,

202 3419 238 3472 Et
251 3420 330 3472 iuxta
342 3420 484 3486 Ascanius,
499 3437 615 3488 magnae
628 3437 689 3488 spes
701 3420 786 3473 altera
799 3420 913 3488 Romae,

203 3505 361 3558 Procedunt
373 3505 485 3570 castris3
506 3522 628 3574 puraque
641 3507 669 3558 in
684 3512 759 3559 veste
771 3493 901 3562 sacerdos
