2706 3938
462 226 599 278 vuaelul
621 229 791 296 intumos
809 229 841 278 V.

139 387 307 457 Expediunt,
322 389 482 457 fractosque
494 389 592 457 legunt
603 390 634 442 in
646 392 754 457 gurgite
768 405 867 444 remos.

138 477 177 528 At
189 475 281 528 lectus
294 475 458 529 Mnestheus
470 493 651 545 successuque
664 476 755 530 aerior
766 477 828 545 ipso

138 563 261 630 Agmine
274 579 416 615 remorum
430 562 513 616 celeri
525 564 670 632 ventisque
684 565 788 618 vocatis

137 650 232 704 Prone
244 651 317 718 petit
329 651 417 704 marie
429 654 458 704 et
470 650 566 718 pelago
580 651 703 704 decurrit
715 656 819 720 aperto.

138 736 235 802 Qualis
249 737 381 805 spelunca
394 737 486 790 subito
501 744 640 792 commota
653 738 788 806 columba,

138 826 191 880 Cui
204 827 305 880 domus
317 832 346 880 et
358 826 452 880 dulces
464 827 604 881 latebroso
616 828 644 880 in
659 828 768 896 pumice
780 829 847 897 nidi,

137 913 239 966 Fertur
251 915 281 967 in
294 931 360 968 arva
373 915 476 979 volans,
491 915 675 984 plausumque
688 916 820 971 exterrita
833 918 933 985 pennis

136 1001 194 1055 Dat
205 1006 283 1055 tecto
296 1002 444 1070 ingentem,
458 1019 524 1056 mox
538 1009 601 1056 aere
614 1003 691 1071 lapse
703 1003 797 1071 quieto
823 1052 826 1060 .

63 1127 68 1142 .
136 1089 223 1142 Radit
235 1090 290 1142 iter
302 1088 444 1157 liquidum,
459 1090 555 1144 celeris
568 1106 657 1158 neque
671 1096 827 1144 commovet
840 1091 910 1146 slas:

136 1175 181 1230 Sic
196 1175 365 1243 Mnestheus,
380 1176 419 1229 sic
431 1177 490 1245 ipsa
501 1178 568 1244 fuge
581 1183 656 1230 secut
669 1177 768 1230 ultima
780 1177 879 1232 Pristis

135 1263 276 1332 Aequora,
291 1265 330 1316 sic
342 1264 417 1317 illam
431 1265 485 1318 fert
497 1265 617 1332 impetus
631 1264 690 1333 ipse
705 1265 852 1318 volantem.

135 1350 174 1404 Et
185 1351 307 1419 primum
319 1351 349 1403 in
361 1351 474 1419 scopulo
486 1352 638 1406 luctantem
653 1351 756 1406 deserit
769 1352 825 1406 alto

136 1438 297 1503 Sergestum
311 1438 494 1507 brevibusque
508 1439 586 1494 vadis
599 1441 757 1506 frustraque
772 1445 918 1494 vocantem

136 1525 251 1579 Auxilia
264 1530 293 1578 et
305 1526 400 1579 fractis
413 1526 565 1580 discentem
579 1539 689 1580 currere
703 1527 793 1580 remis.

135 1613 205 1666 Inde
218 1613 299 1680 Gyan
312 1613 453 1682 ipsamque
466 1614 573 1681 ingenti
588 1614 660 1668 mole
675 1614 846 1668 Chimaeram

136 1699 339 1769 Consequitur:
361 1701 441 1768 cedit,
458 1701 587 1769 quoniam
601 1701 719 1769 spoliata
731 1702 863 1768 magistro
877 1708 927 1756 est

135 1787 217 1840 Solus
229 1786 339 1856 iamque
351 1788 412 1855 ipso
425 1795 549 1856 superest
561 1789 590 1840 in
603 1787 658 1842 fine
672 1788 839 1852 Cloanthus3

135 1874 225 1939 Quem
239 1873 318 1942 petit,
333 1879 361 1927 et
374 1875 487 1928 summis
499 1875 616 1928 adnixus
630 1875 735 1929 viribus
749 1883 835 1944 urget.

134 1962 155 2014 T
157 1979 203 2015 um
219 1977 287 2014 vero
300 1961 452 2029 ingeminat
465 1962 575 2030 clamor,
589 1963 735 2032 cunctique
750 1969 911 2032 sequentem

134 2049 274 2116 Instigant
287 2049 392 2117 studiis,
408 2057 574 2118 resonatque
586 2051 742 2118 fragoribus
757 2052 860 2106 aether.

134 2137 172 2189 Hi
184 2137 330 2205 proprium
343 2137 426 2190 decus
439 2142 468 2190 et
481 2143 591 2205 partum
605 2138 784 2206 indignantur
797 2139 933 2192 honorem

134 2224 171 2276 Ni
184 2228 310 2291 teneant,
324 2225 463 2293 vitamque
478 2224 575 2279 volunt
588 2242 638 2293 pro
650 2225 732 2279 leude
744 2226 863 2295 pecisoi;

134 2313 194 2366 Hos
207 2329 348 2366 successus
362 2313 425 2366 alit:
446 2319 570 2382 possunt,
586 2314 650 2382 quia
661 2331 742 2383 posse
755 2313 893 2368 videntur.

133 2399 170 2454 Et
182 2401 244 2452 fors
258 2400 381 2468 aequatis
395 2400 533 2468 cepissent
545 2402 668 2469 praemia
681 2401 786 2468 rostris,

134 2486 172 2539 Ni
184 2487 292 2555 palmas
305 2493 391 2554 ponto
404 2487 519 2540 tendens
534 2494 662 2556 utrasque
677 2488 829 2542 Cloanthus

134 2573 318 2642 Fudissetque
331 2590 434 2642 preces,
450 2575 583 2644 divosque
596 2575 625 2628 in
640 2581 705 2630 vota
718 2581 861 2630 vocasset:

136 2664 152 2690 ‘⁴
162 2662 207 2730 Di,
223 2661 324 2730 quibus
336 2661 483 2730 imperium
495 2662 587 2731 pelagi
601 2667 649 2729 est,
666 2679 782 2732 quorum
796 2679 916 2732 aequora
928 2679 1017 2733 curro,

134 2749 224 2804 Vobis
237 2748 326 2802 laetus
340 2765 390 2816 ego
404 2749 456 2802 hoc
470 2749 632 2803 candentem
645 2751 675 2802 in
688 2749 769 2802 litore
783 2754 893 2804 taurum

135 2837 311 2891 Constituum
324 2841 388 2889 ante
400 2853 469 2904 aras,
485 2838 543 2890 voti
557 2854 627 2905 reus,
643 2843 761 2906 extaque
774 2838 859 2892 salsos

134 2921 286 2975 Porriciem
300 2921 329 2973 in
341 2920 440 2975 fluctus
452 2927 480 2974 et
493 2922 558 2976 vina
570 2922 704 2990 liquentia
716 2922 857 2976 fundam.'’

134 3009 221 3076 Dixit,
236 3025 355 3076 eumque
366 3009 430 3060 imis
444 3009 494 3062 sub
507 3009 635 3063 fiuctibus
648 3009 735 3062 audiit
752 3009 841 3062 omnis

135 3096 285 3150 Nereidum
300 3095 454 3165 Phorcique
468 3096 568 3150 chorus
580 3096 763 3164 Panopeaque
775 3096 861 3164 virgo,

134 3184 169 3237 Et
181 3191 262 3252 pater
275 3185 335 3252 ipse
349 3200 433 3236 manu
448 3199 547 3250 inagna
561 3183 702 3236 Portunus
715 3188 827 3236 euntem

134 3270 260 3340 Impulit;
282 3271 331 3325 illa
345 3270 422 3324 Noto
436 3271 516 3324 citius
530 3271 689 3338 volucrique
703 3272 805 3338 sagitta

133 3359 177 3412 Ad
190 3365 294 3413 terram
308 3357 390 3426 fugit,
406 3361 435 3410 et
447 3363 530 3424 portu
543 3373 572 3410 se
585 3357 708 3410 condidit
720 3358 786 3411 alto.

134 3445 198 3499 Tum
211 3454 288 3502 satus
302 3431 438 3508 Anchisa,
453 3444 560 3497 cunctis
574 3461 608 3496 ex
620 3461 698 3498 more
713 3445 825 3511 vocetis,

135 3532 274 3589 Victorem
288 3548 393 3600 magna
406 3531 551 3598 praeconis
564 3547 632 3583 voce
646 3531 813 3584 Cloanthum
