2734 3936
514 216 652 266 viluerat
676 214 865 264 GEORGIOON
888 217 908 265 Ι.

201 379 333 434 Caeditur
345 384 373 433 et
386 379 447 432 tilia
459 383 523 432 ante
536 379 602 446 iugo
613 378 689 445 levis,
705 377 815 446 altaque
827 377 915 444 lagae,

200 466 339 534 Stivaque,
355 483 425 535 quae
437 481 534 518 currus
546 481 563 517 a
574 469 653 532 tergo
666 469 795 532 torqueat
807 464 891 529 imos;

200 553 238 605 Et
251 570 381 622 suspensa
393 553 461 605 focis
474 552 602 620 explorat
613 551 715 604 robora
728 551 830 604 furnus.

235 640 352 693 Possum
363 639 451 692 multa
464 639 514 691 tibi
527 644 651 691 veterum
667 643 814 705 praecepta
826 637 939 706 referre,

201 726 237 779 Ni
250 727 353 795 refugis
365 727 509 793 tenuisque
522 726 598 793 piget
611 741 777 793 cognoscere
790 740 877 777 curas

236 814 311 868 Area
323 830 387 866 cum
399 813 495 881 primis
508 812 614 880 ingenti
628 811 772 880 aequanda
783 810 909 878 cylindro

200 901 238 954 Et
251 901 385 954 vertenda
397 916 481 953 manu
494 905 522 953 et
536 903 612 952 creta
624 898 768 951 solidanda
780 897 879 962 tenaci,

200 987 244 1040 Ne
257 989 373 1042 subeant
385 988 495 1054 herbae,
510 1003 564 1039 neu
577 985 691 1053 pulvere
705 985 778 1038 victa
790 985 908 1052 fatiscat,

201 1075 270 1127 Tum
283 1075 374 1128 variae
385 1073 513 1127 inludant
526 1078 632 1141 pestes:
654 1089 736 1141 saepe
749 1072 937 1140 exiguusmus

201 1162 258 1216 Sub
271 1164 352 1216 terris
364 1163 511 1231 posuitque
523 1161 622 1214 domos
635 1167 718 1228 atque
730 1159 830 1212 horrea
843 1159 927 1222 fecit;

200 1251 260 1303 Aut
272 1251 359 1303 oculis
371 1251 445 1317 capti
458 1249 553 1302 fodere
566 1247 668 1301 cubilia
681 1245 787 1315 talpae;

201 1338 388 1405 inventusque
400 1337 475 1390 cavis
488 1337 563 1404 bufo,
579 1342 607 1388 et
619 1351 689 1404 quae
701 1334 821 1402 plurima
833 1340 924 1387 terrac

200 1423 325 1476 Monstra
338 1424 446 1490 ferunt3
467 1423 636 1490 populatque
648 1422 788 1489 ingentem
801 1422 883 1474 farris
896 1437 1025 1474 acervum

202 1511 339 1578 Curculi0,
355 1516 437 1578 atque
449 1510 525 1578 inopi
538 1515 665 1562 metuens
677 1508 796 1562 formica
808 1512 944 1562 senectae.

237 1597 447 1665 Contemplator
460 1597 535 1664 item,
550 1613 613 1650 cum
627 1613 655 1650 ee
667 1612 724 1648 nux
738 1596 856 1664 plurima
869 1595 945 1648 silvis

201 1683 302 1738 induet
314 1685 344 1737 in
357 1684 452 1737 liorem
466 1689 495 1738 et
508 1701 601 1737 ramos
613 1683 740 1738 curvabit
753 1683 861 1737 clentis.

202 1771 229 1824 si
243 1777 374 1840 superant
387 1773 468 1838 fetus,
484 1773 589 1840 pariter
601 1772 742 1824 frumenta
755 1775 911 1839 sequentur,

201 1858 356 1928 Magnaque
369 1876 429 1912 cum
443 1875 546 1927 magno
557 1859 651 1912 veniet
663 1859 764 1912 tritura
777 1858 884 1926 calore3

201 1947 241 1998 At
254 1947 276 1998 si
288 1947 397 1999 luxuria
410 1946 542 1999 foliorum
556 1947 689 1999 exuberat
702 1947 807 2013 umbra,

201 2032 373 2102 Nequiquam
387 2033 499 2101 pinguis
510 2033 589 2101 palea
602 2039 674 2086 teret
687 2049 750 2085 area
760 2033 873 2086 culmos.

237 2120 347 2174 Semina
359 2119 416 2172 vidi
430 2119 557 2187 equidem
570 2120 673 2173 multos
687 2120 824 2173 medicare
837 2120 954 2174 serentis

200 2209 237 2262 Et
251 2209 325 2261 nitro
338 2207 413 2276 prius
427 2212 455 2260 et
468 2207 546 2272 nigra
558 2206 724 2274 perfundere
737 2224 856 2274 amurca,

201 2296 339 2349 Grandior
352 2300 383 2348 ut
395 2295 468 2348 fetus
481 2294 586 2362 siliquis
598 2294 742 2347 fallacibus
755 2300 834 2363 esset,

200 2383 244 2450 Et,
260 2383 386 2452 quamvis
398 2382 455 2450 igni
468 2381 575 2449 exiguo,
588 2387 737 2450 properata
749 2381 901 2435 maderent.

201 2469 269 2522 Vidi
281 2470 353 2523 lecta
365 2469 413 2521 diu
426 2475 455 2522 et
466 2469 555 2521 multo
568 2473 691 2536 spec-tata
704 2469 798 2523 labore

200 2557 376 2625 Degenerare
388 2561 488 2623 tamen,
505 2557 532 2609 ni
545 2557 588 2609 vis
600 2556 722 2610 humana
736 2557 885 2625 quotannis

200 2643 322 2696 Maxima
335 2657 459 2710 quaeque
472 2658 555 2695 manu
569 2642 680 2710 legeret.
721 2641 765 2696 Sic
779 2643 871 2696 omnia
884 2643 952 2696 fatis

200 2731 233 2783 ln
246 2731 323 2798 peius
336 2745 423 2796 ruere,
439 2746 470 2782 ac
483 2735 558 2783 retro
572 2730 700 2798 sublapsa
713 2730 824 2796 referri3

200 2817 227 2871 N
229 2835 265 2871 on
279 2818 365 2881 aliter,
382 2833 462 2885 quam
477 2819 523 2885 qui
536 2817 653 2870 adverso
666 2819 713 2870 vix
726 2816 839 2869 flumine
852 2816 973 2869 lembum

200 2905 334 2972 Remigiis
347 2904 455 2973 subigit,
471 2904 493 2957 si
507 2904 637 2958 bracchia
649 2904 721 2958 forte
735 2905 849 2972 remisit,

200 2991 294 3060 Atque
306 2991 383 3044 illum
397 2992 425 3043 in
438 3007 571 3059 praeceps
583 3007 672 3059 prono
685 2992 758 3060 rapit
772 2992 866 3046 alveus
879 2991 962 3044 amni.

235 3079 383 3132 Praeterea
395 3083 452 3132 tam
466 3083 529 3132 sunt
542 3078 656 3131 Arcturi
669 3078 759 3132 sidera
771 3079 851 3132 nobis

202 3165 414 3234 Haedorumque
427 3166 485 3220 dies
498 3166 624 3219 servandi
638 3172 666 3218 et
678 3166 784 3218 lucidus
798 3167 913 3233 Augaia,

202 3253 291 3318 Quam
305 3254 404 3322 quibus
417 3253 445 3305 in
458 3254 575 3321 patriam
589 3261 706 3306 ventosa
719 3269 768 3321 per
782 3270 902 3321 aequora
914 3256 1001 3306 vectis

201 3340 307 3393 Pontus
320 3346 348 3393 et
362 3340 483 3393 ostriferi
496 3340 591 3393 fauces
603 3345 775 3407 temptantur
787 3339 890 3406 Abydi.

201 3427 284 3481 Libra
296 3427 342 3480 die
354 3427 498 3495 somnique
511 3443 592 3495 pares
604 3426 650 3479 ubi
664 3427 763 3479 fecerit
777 3427 866 3494 horas,

201 3514 239 3567 Et
251 3514 372 3568 medium
384 3512 440 3566 luci
454 3518 535 3580 atque
548 3513 653 3565 umbris
670 3513 723 3565 iam
738 3512 838 3565 dividit
851 3514 955 3581 orbem,
