2730 3936
493 212 631 262 VERGILI
654 212 843 263 GECRGICON
865 213 909 260 IV.

191 375 279 430 Multa
291 392 416 445 querens,
431 380 513 444 atque
524 374 577 429 hac
589 374 697 428 adfatus
709 391 778 429 voce
790 379 951 443 parentem:

192 465 209 493 “
217 463 314 531 Mater,
330 463 438 530 Cyrene
451 468 547 530 muter,
562 478 631 531 quae
644 462 762 530 gurgitis
774 461 855 515 huius

191 551 250 606 Ima
261 555 347 619 tenes,
363 549 426 619 quid
440 566 484 603 me
496 549 637 618 praeclara
649 549 735 617 stirpe
748 549 899 602 deorum-

191 637 218 692 ἃ
231 638 323 706 modo,
337 654 419 706 quem
432 636 567 706 perhibes,
581 645 662 706 puter
674 642 716 689 est
729 636 918 704 Thymbraeus
930 635 1069 705 Apollo-v

190 725 313 779 Invisum
327 723 390 778 fatis
402 725 541 794 genuistil
561 729 608 778 aut
621 740 675 792 quo
688 723 739 777 tibi
750 723 837 777 nostri

190 812 290 866 Pulsus
302 813 395 866 amori
415 811 482 881 quid
494 827 538 864 me
551 810 656 865 caelum
669 827 779 879 sperare
790 810 925 866 iubebast

190 899 232 952 En
246 899 328 953 etiam
341 899 417 953 hunc
429 899 518 967 ipsum
531 898 605 952 vitae
617 897 741 952 mortalis
753 898 896 966 honorem,

189 985 278 1051 Quem
291 986 360 1039 mihi
372 987 421 1038 vix
432 985 543 1054 frugum
556 991 585 1039 et
596 985 730 1054 pecudum
744 985 872 1039 custodia
878 986 980 1050 ‚sollers

192 1075 292 1130 Omnia
303 1075 452 1145 temptanti
464 1075 617 1143 extuderat,
632 1080 660 1128 te
673 1079 768 1142 matre,
783 1074 916 1144 relinquo.

192 1164 265 1229 Quin
278 1179 335 1232 age,
350 1169 379 1217 et
390 1163 451 1232 ipsa
462 1178 545 1216 manu
557 1162 646 1216 felicis
659 1178 724 1216 erne
735 1162 826 1231 silvas,

190 1251 244 1304 Fer
256 1250 370 1305 stabulis
382 1235 524 1304 inimicum
536 1251 629 1319 ignem
642 1255 724 1318 etque
736 1249 861 1304 interfice
872 1249 978 1319 messis,

191 1337 248 1391 Ure
260 1342 327 1405 sata,
343 1342 371 1390 et
382 1337 479 1391 duram
492 1337 521 1389 in
533 1337 599 1391 vitis
610 1337 709 1391 molire
721 1337 877 1407 bipennem,

191 1423 279 1477 Tanta
290 1439 368 1477 meae
380 1425 402 1476 si
415 1428 443 1477 te
456 1430 589 1492 ceperunt
601 1425 693 1479 taedia
704 1424 821 1479 laudis.”

191 1511 231 1563 At
243 1517 332 1564 mater
344 1511 464 1564 sonitum
477 1511 599 1566 thalamo
611 1513 661 1566 sub
673 1511 794 1565 fluminis
807 1511 856 1566 alti

192 1596 290 1651 Sensit.
326 1597 396 1651 Eam
409 1598 512 1651 circum
525 1599 633 1653 Milesia
647 1599 749 1653 vellera
761 1599 909 1668 Nymphae

192 1684 357 1753 Carpebant,
372 1683 447 1751 hyali
460 1691 554 1738 saturo
565 1687 660 1740 fucata
672 1686 771 1754 colore,

190 1771 359 1846 Drnmoque,
373 1771 549 1840 Xanthoque,
566 1773 710 1842 Ligeaque,
726 1773 959 1841 Phyllodoceque,

191 1858 346 1914 Caesariem
359 1859 461 1913 effusae
473 1859 588 1913 nitidam
601 1860 780 1928 percandida
793 1860 870 1927 oolla,

192 1944 315 2016 [Nesaee
330 1945 459 2015 Spioque,
473 1946 631 2016 Thaliaque,
647 1947 878 2016 Cymodoceque]

192 2032 370 2102 Cydippeque
383 2042 411 2086 et
423 2033 495 2087 flava
507 2032 646 2104 Lycorias,
661 2036 747 2088 altera
760 2035 846 2102 virgo,

191 2119 290 2174 Altera
302 2125 361 2173 turn
371 2121 475 2188 primos
487 2120 607 2175 Lucinae
620 2127 734 2190 experta
744 2122 862 2191 labores,

191 2207 305 2277 Clioque
318 2216 346 2263 et
359 2209 448 2264 Beroe
461 2227 547 2278 soror,
562 2209 737 2264 Oceanitides
750 2211 854 2276 ambae,

191 2293 299 2349 Ambae
312 2313 388 2364 auro,
402 2297 483 2365 pictis
495 2297 632 2352 incinctae
644 2297 761 2365 pellibus
774 2298 878 2366 ambae,

191 2381 286 2452 Atque
298 2382 419 2452 Ephyre,
435 2390 518 2454 utque
530 2385 605 2453 Opis,
620 2390 649 2439 et
660 2385 728 2439 Asia
740 2384 871 2453 Deiopea,

190 2467 227 2522 Et
239 2469 349 2524 tandem
363 2471 460 2539 positis
472 2471 553 2525 velox
567 2471 709 2526 Arethusa
721 2472 836 2540 sagittis.

190 2556 267 2610 Inter
280 2573 346 2626 quas
359 2573 450 2612 curam
466 2558 599 2625 Clymene
612 2559 743 2613 narrabat
756 2560 867 2613 inanem

191 2643 319 2712 Volcani,
334 2644 484 2714 Martisque
497 2646 576 2700 dolos
589 2652 617 2702 et
629 2647 719 2701 dulcia
733 2647 817 2716 furta,

191 2730 272 2799 Aque
285 2731 362 2786 Chao
375 2731 475 2786 densos
486 2733 579 2787 divom
594 2736 757 2788 numerabat
771 2750 886 2789 amores.

191 2817 319 2878 Carmine
332 2836 386 2888 quo
400 2825 496 2888 captae
508 2821 574 2874 dum
587 2822 654 2875 fusis
667 2822 760 2876 mollia
771 2838 857 2890 pensa

190 2904 357 2975 Devolvunt,
372 2906 472 2961 iterum
484 2913 624 2962 maternas
636 2908 746 2978 impulit
759 2909 833 2963 auris

191 2992 292 3046 Luctus
305 2993 434 3063 Aristaei,
448 2995 598 3064 vitreisque
611 2995 742 3050 sedilibus
754 3013 850 3050 omnes

192 3079 371 3149 Obstipuere3
392 3082 441 3136 sed
453 3090 517 3137 ante
530 3083 596 3137 alias
608 3083 748 3138 Arethusa
760 3101 869 3139 sorores

190 3166 364 3236 Prospiciens
377 3185 483 3224 summa
495 3169 597 3223 flavum
611 3177 692 3239 caput
705 3171 804 3225 extulit
816 3171 898 3238 unda,

190 3252 227 3306 Et
238 3255 348 3322 procul:
371 3254 423 3308 “0
436 3257 539 3323 gemitu
553 3273 608 3310 uon
619 3258 724 3311 frustra
736 3258 869 3313 exterrita
881 3263 967 3327 tanto,

191 3340 299 3407 Cyrene
311 3359 396 3410 soror,
411 3341 469 3410 ipse
481 3343 541 3410 tibi,
556 3349 604 3397 tua
616 3345 736 3398 maxima
749 3361 823 3412 cura,

191 3427 287 3480 Tristis
300 3426 444 3480 Aristaeus
455 3427 540 3481 Penei
554 3431 687 3496 genitoris
700 3431 733 3484 ad
748 3431 849 3485 undum

191 3513 253 3567 Stat
264 3513 418 3576 lacrimans,
433 3519 461 3567 et
474 3520 502 3566 to
515 3515 653 3570 crudelem
666 3518 778 3570 nomine
790 3517 886 3572 dicit.'’
