2734 3936
517 223 655 273 VERGILI
678 223 807 273 ECLOGA
830 223 877 274 ΙΙΙ.

184 383 260 438 Mnu.
280 383 381 438 Infelix
394 402 410 439 o
424 401 538 453 semper,
553 384 620 453 ovis,
635 386 733 454 pecnsl
754 385 814 452 ipse
828 383 963 438 Neaeram

184 469 257 523 Dum
270 471 356 536 fovet,
371 487 410 538 ac,
425 487 460 523 ne
472 487 517 524 me
530 471 580 523 sibi
593 471 734 539 praeierat
746 470 801 539 illa,
817 476 936 538 veretur,

185 556 238 610 Hic
251 557 354 610 alienus
368 558 427 610 ovis
440 563 533 610 custos
546 558 588 610 bis
600 557 704 626 mulget
717 559 746 610 in
758 558 842 624 hora3

183 642 220 696 Et
233 660 313 697 sucus
326 644 418 712 pecori
432 651 459 697 et
473 643 514 697 lac
527 644 687 697 subducitur
700 646 785 712 agnis.

184 729 260 782 Duru.
281 730 394 783 Parcius
407 731 460 784 ista
474 731 538 783 viris
552 738 644 784 tamen
656 732 802 785 obicienda
814 739 963 786 memento.

184 816 326 884 Novimus,
342 823 369 870 et
383 818 428 885 qui
441 824 477 883 te,
493 825 647 872 transversa
659 819 800 872 tuentibus
811 819 901 883 hircis,

183 903 220 955 Et
233 903 371 972 quo-sed
384 904 478 957 faciles
491 903 637 973 Nymphae
650 906 877 959 risere-sacello

183 989 259 1043 Mun.
279 991 356 1058 Tum,
371 990 461 1056 credo,
476 1007 537 1044 cum
552 1008 596 1044 me
609 992 751 1044 arbustum
766 992 860 1046 videre
872 992 990 1046 Miconis

184 1078 277 1146 Atque
289 1078 362 1132 mala
374 1077 438 1132 vitis
452 1077 573 1132 incidere
586 1078 657 1132 ialoe
671 1079 803 1133 novellas.

183 1165 262 1218 Dru.
282 1166 341 1218 Aut
353 1165 398 1218 hio
411 1165 443 1218 ad
459 1165 560 1218 veteris
574 1165 654 1233 fagos
668 1182 730 1219 cum
744 1165 899 1234 Daphnidis
911 1182 1005 1219 arcum

183 1253 299 1320 Fregisti
313 1258 341 1306 et
353 1253 486 1306 calamos:
508 1269 578 1322 quae
591 1261 629 1320 tu,
644 1269 772 1320 perverse
785 1253 917 1322 Menalca,

183 1339 228 1407 Et,
242 1356 304 1393 cum
318 1338 411 1392 vidisti
425 1356 509 1407 puero
522 1339 630 1405 donata,
646 1339 767 1410 dolebas,

183 1425 227 1493 Et,
243 1426 265 1478 si
279 1442 334 1478 non
347 1427 439 1494 aliqua
451 1427 597 1493 nocuisses,
613 1433 738 1480 mortuus
751 1444 830 1482 esses.

183 1512 259 1566 Mun.
280 1512 353 1577 Quid
366 1513 471 1566 domini
485 1513 593 1580 iaciant,
611 1515 713 1568 audent
726 1532 787 1569 oum
801 1516 868 1569 talia
880 1515 970 1570 furesi

183 1598 249 1653 Non
262 1615 312 1668 ego
326 1607 353 1652 te
367 1599 423 1652 vidi
436 1599 577 1669 Damonis,
593 1602 715 1670 pessime,
731 1619 843 1671 caprum

183 1686 320 1754 Excipere
333 1687 446 1755 insidiis,
462 1688 578 1741 multum
591 1689 710 1742 latrante
723 1689 856 1756 Lycisca?

183 1774 293 1828 Etcum
309 1773 469 1828 clamarem:
492 1775 579 1840 “Quo
591 1792 664 1830 nuno
678 1793 706 1829 se
718 1777 836 1844 proripit
849 1777 912 1831 illel

184 1861 286 1929 Tityre,
302 1877 369 1929 coge
383 1863 480 1930 pecus!
493 1862 509 1889 ”
522 1868 552 1915 tu
567 1869 630 1931 post
642 1870 751 1917 carecta
761 1863 875 1917 latebas.

184 1949 261 2002 Duru.
282 1947 327 2000 An
341 1947 408 2000 mihi
422 1949 559 2002 cantando
572 1950 661 2003 victus
674 1967 730 2004 uon
742 1951 870 2005 redderet
882 1951 936 2017 ille,

185 2036 271 2102 Quem
287 2054 347 2091 mea
360 2037 526 2091 carminibus
538 2037 682 2090 meruisset
694 2035 786 2090 fistula
799 2039 929 2105 capruml

185 2123 212 2177 Si
226 2125 322 2190 nescis,
336 2141 415 2178 meus
428 2123 473 2177 ille
487 2139 569 2191 caper
581 2123 647 2188 fuit3
669 2130 697 2176 et
709 2123 776 2176 mihi
790 2124 899 2178 Damon

183 2209 247 2278 Ipse
260 2210 416 2278 fatebatur3
437 2209 483 2263 sed
500 2209 708 2278 reddere-posse
721 2211 848 2279 negabat.

183 2296 259 2351 Mun.
280 2297 425 2352 Cantando
438 2311 469 2352 tu
483 2299 578 2352 illumi
599 2305 646 2352 aut
658 2316 788 2368 umquam
801 2299 852 2352 tibi
865 2299 957 2354 fistula
969 2317 1032 2354 cera

185 2384 282 2439 innota
295 2386 364 2439 fuiti
384 2402 441 2438 non
453 2391 483 2439 tu
497 2387 525 2438 in
538 2386 636 2452 triviis,
651 2387 770 2452 indocte,
786 2385 893 2440 solebas

184 2471 317 2526 Stridenti
330 2473 459 2527 miserum
473 2475 574 2543 stipula
586 2474 744 2544 disperdere
757 2474 885 2527 oarmenl

183 2558 262 2612 Duru.
283 2559 335 2612 Vis
348 2577 422 2630 ergo,
437 2562 509 2614 inter
522 2578 580 2627 nos,
597 2562 661 2630 quid
674 2562 760 2630 possit
772 2567 894 2629 uterque,
911 2561 1030 2615 vicissim

183 2645 383 2715 Experiamur?
403 2665 454 2717 ego
467 2649 538 2702 hane
551 2649 738 2704 vitulam-ne
750 2649 825 2702 torte
837 2665 954 2716 reposce,

183 2732 232 2786 Bis
244 2735 320 2788 venit
333 2735 367 2788 ad
380 2734 534 2804 mulctram,
549 2737 629 2790 binos
643 2736 692 2791 alit
705 2737 789 2790 ubere
801 2736 910 2789 fetus-

182 2819 314 2888 Depone:
335 2822 430 2890 tudio,
445 2839 553 2877 mecum
566 2841 620 2893 quo
633 2825 748 2892 pignore
761 2829 858 2877 certes.

183 2907 259 2962 Mun.
279 2909 321 2962 De
334 2927 417 2978 grege
429 2927 486 2964 non
500 2912 585 2964 ausim
599 2912 744 2980 quiequam
757 2911 896 2980 deponere
909 2917 1016 2965 tecum:

183 2994 233 3050 Est
245 2996 312 3049 mihi
327 3014 445 3066 namque
459 2996 533 3051 domi
547 3004 632 3066 pater,
648 3004 690 3051 est
704 2998 805 3052 iniusta
818 3015 952 3063 noverca,

184 3083 285 3151 Bisque
297 3083 341 3136 die
354 3090 501 3138 numerant
514 3087 594 3138 ambo
607 3102 698 3153 pecus,
713 3086 782 3138 alter
795 3094 824 3139 et
836 3073 947 3140 haedos.

183 3169 297 3233 Verum,
313 3170 341 3223 id
354 3171 427 3239 quod
441 3171 528 3224 multo
542 3178 601 3225 tute
614 3173 671 3240 ipse
684 3173 807 3226 fatebere
820 3173 944 3225 maius—

183 3255 307 3310 Iusanire
319 3257 387 3311 libet
400 3259 526 3327 quoniam
542 3259 726 3327 tihi—pocula
739 3276 841 3327 ponam

183 3343 295 3411 Fagina,
310 3345 446 3398 caelatum
460 3345 544 3397 divini
559 3363 628 3414 opus
641 3345 857 3400 Alcimedontis:

182 3428 270 3482 Lenta
284 3431 381 3498 quibus
394 3437 476 3483 torno
489 3431 563 3484 facili
577 3432 754 3498 superaddita
765 3433 829 3484 vilis

183 3515 307 3568 Diffusos
321 3516 421 3568 hedera
434 3517 515 3568 vestit
527 3516 648 3583 pallente
661 3519 815 3583 corymbos,
