2730 3936
471 207 609 257 VERGILI
633 205 798 255 AENEIDOS
822 207 867 256 111.

152 365 268 436 Iamque
282 369 345 422 fere
359 370 432 422 siooo
445 370 595 422 subductae
608 368 691 422 litore
704 385 826 437 puppes3

155 455 289 508 Conubiis
302 455 431 524 arvisque
444 457 523 509 novis
536 465 650 524 operata
662 455 791 508 iuventus
802 474 808 522 3

155 541 219 595 Iura
231 542 384 610 domosque
396 543 513 597 dabam:
534 544 625 596 subito
639 559 700 596 oum
715 541 809 596 tabida
822 542 961 610 membris,

155 629 296 696 Corrupto
310 630 378 683 caeli
392 636 491 698 tractu,
506 629 715 698 miserandaque
728 629 805 682 venit

157 716 368 785 Arboribusque
380 716 500 784 satisque
512 717 572 769 lues
584 722 612 769 et
625 715 716 769 letifer
730 733 825 770 annus.

155 802 331 870 Linquebant
344 803 431 856 duleis
443 803 555 866 animas,
571 809 618 857 aut
631 819 713 870 aegra
726 802 874 857 trahebant

157 888 298 958 Oorpora3
319 894 378 943 tum
392 891 492 945 sterilis
505 907 621 944 exurere
636 889 722 943 Sirius
736 907 816 959 agros
826 875 845 958 3*

155 977 286 1030 Arebant
298 977 408 1046 herbae,
424 982 452 1031 et
466 979 567 1032 vietum
583 993 659 1046 seges
674 993 756 1046 aegra
770 979 897 1047 negabat.

155 1064 264 1117 Rursus
277 1065 310 1118 ad
324 1065 445 1119 oraclum
458 1065 590 1134 Ortygiae
606 1063 803 1134 Phoebumque
816 1082 943 1119 remenso

155 1151 296 1204 Hortatur
308 1157 387 1220 pater
400 1153 441 1206 ire
452 1153 530 1221 mari,
544 1153 709 1220 veniamque
723 1153 839 1220 precari,

156 1239 248 1303 Quam
261 1239 339 1292 fessis
351 1240 435 1294 finem
448 1241 530 1294 rebus
541 1240 631 1302 ferat;
653 1238 726 1291 unde
739 1238 865 1291 laborum

156 1325 305 1394 Temptare
318 1327 450 1379 auxilium
462 1326 571 1394 iubeat;
592 1342 645 1395 quo
658 1332 768 1379 vertere
782 1342 886 1380 oureus.

194 1412 259 1466 Nox
272 1421 339 1479 erat,
354 1420 382 1468 et
394 1414 475 1468 terris
487 1414 616 1469 animalia
629 1429 741 1466 somnus
753 1413 888 1467 habebat:

156 1485 376 1568 Effigies'saorae
389 1500 483 1553 divom
496 1500 664 1569 Phrygiique
677 1499 804 1567 Penates,

157 1587 235 1653 Quos
247 1604 353 1641 mecum
368 1605 384 1642 a
396 1587 478 1642 Troia
490 1588 639 1657 mediisque
653 1605 687 1642 ex
699 1587 808 1656 ignibus
822 1588 898 1641 urbis

155 1674 327 1743 Extuleram,
342 1675 395 1728 visi
407 1681 472 1729 ante
485 1675 579 1729 oeulos
591 1683 680 1729 astare
692 1673 808 1728 iacentis

156 1761 191 1814 In
205 1763 316 1830 somnis,
330 1763 418 1815 multo
430 1763 568 1816 manifesti
580 1762 691 1830 lumine,
707 1778 761 1832 qua
773 1779 801 1816 se

157 1849 246 1902 Plena
257 1866 306 1917 per
318 1850 436 1903 insertas
447 1851 583 1903 fundebat
596 1850 662 1903 luna
674 1850 824 1917 fenestras3

157 1935 228 1989 Tum
242 1938 280 1989 sio
293 1937 381 1990 adfari
394 1945 423 1990 et
435 1953 514 1991 ouras
526 1937 569 1990 his
582 1937 692 1990 demere
704 1937 801 1990 dietis:

160 2023 268 2088 “Quod
279 2023 331 2078 tibi
344 2023 436 2077 delato
450 2024 595 2092 Ortygiam
607 2024 731 2077 dicturus
745 2024 849 2093 Apollo
862 2031 913 2090 est,

158 2110 213 2163 Hie
226 2111 307 2175 canit,
322 2116 350 2164 et
362 2117 411 2164 tua
423 2128 473 2164 nos
486 2129 521 2164 en
534 2111 608 2164 ultro
621 2111 654 2165 ad
668 2111 765 2164 limina
777 2112 873 2166 mittit.

158 2197 219 2251 Nos
233 2204 268 2265 te,
279 2197 419 2252 Dardania
430 2199 550 2266 incensa,
562 2203 664 2268 tuaque
677 2216 754 2253 arma
766 2201 861 2268 secuti,

158 2284 219 2339 Nos
232 2286 367 2338 tumidum
381 2287 432 2338 sub
445 2291 473 2339 te
485 2287 624 2355 permensi
637 2285 767 2340 elassibus
781 2303 892 2356 aequor,

158 2374 237 2427 Idem
250 2379 380 2427 venturos
391 2373 520 2426 tollemus
532 2376 561 2426 in
575 2380 649 2428 astra
661 2381 784 2444 nepotes,

158 2460 365 2529 Imperiumque
378 2461 440 2514 urbi
453 2460 587 2514 dabimus.
625 2461 665 2514 Tu
678 2461 788 2516 moenia
800 2462 909 2530 magnis

84 2543 89 2552 '
158 2548 260 2616 Magna
272 2565 345 2616 para,
360 2548 528 2617 longumque
540 2550 622 2617 fugae
634 2566 669 2603 ne
681 2549 776 2618 linque
788 2550 920 2603 laborem

158 2636 309 2689 Mutandae
322 2636 409 2689 sedes.
447 2635 510 2689 Non
525 2637 592 2690 haee
605 2637 657 2690 tibi
670 2637 754 2690 litora
767 2637 852 2690 suasit

158 2723 256 2777 Delius
268 2729 315 2776 aut
328 2723 428 2776 Oretae
440 2724 520 2777 iussit
532 2725 675 2778 considere
690 2723 799 2792 Apollo.

158 2811 209 2864 Est
221 2810 305 2878 leone,
322 2809 484 2878 Hesperiam
499 2811 564 2864 Grai
580 2812 744 2880 cognomine
758 2811 861 2879 dieunt,

159 2898 245 2951 Terra
257 2896 379 2966 antiqua,
393 2903 493 2966 potens
506 2899 589 2951 armis
602 2904 684 2967 atque
698 2899 781 2951 ubere
794 2898 925 2966 glaebao;

158 2985 277 3039 Oenotri
290 2983 400 3038 coluere
413 2985 479 3053 viri;
500 3002 574 3038 nuno
587 2986 662 3038 fama
676 2985 796 3038 minores

158 3071 268 3126 Italiam
281 3071 381 3125 dixisse
394 3072 471 3126 ducis
484 3071 518 3124 de
531 3073 643 3124 nomine
656 3082 783 3140 gentem:

159 3159 219 3214 Hae
232 3160 313 3213 nobis
326 3159 455 3228 propriae
468 3159 562 3222 sedesg
582 3158 646 3212 hino
659 3158 805 3213 Dardanus
818 3165 902 3226 ortus,

157 3247 299 3316 Iasiusque
312 3252 399 3315 pater,
414 3263 501 3314 genus
513 3262 529 3298 a
542 3262 596 3314 quo
610 3247 733 3314 principe
746 3253 879 3299 nostrum.

158 3334 245 3401 Surge
258 3350 319 3402 age,
334 3337 362 3386 et
375 3333 443 3386 haee
456 3332 544 3385 laetus
556 3333 691 3401 longaevo
704 3333 777 3386 dieta
789 3333 897 3401 parenti

157 3421 238 3476 Haud
252 3419 409 3474 dubitanda
422 3420 509 3473 refer:
531 3419 684 3486 Corythum
698 3425 838 3487 terrasque
852 3420 974 3487 requirat

158 3509 305 3564 Ausonias.
344 3506 459 3560 Diotaea
473 3511 555 3574 negat
567 3507 616 3559 tibi
631 3506 756 3574 Iuppiter
769 3507 862 3560 arva.“
