2730 3936
513 238 650 288 vanum
673 240 836 290 aunslnos
859 241 877 290 1.

179 401 226 457 Sic
238 403 380 472 placitum.
418 402 519 457 Veniet
531 403 626 457 lustris
637 403 794 458 labentibus
806 409 889 474 aetas,

180 491 254 544 Cum
268 490 366 544 domus
379 489 506 544 Assaraci
519 490 650 544 Phthiam
663 491 805 560 claraeque
818 491 949 559 Mycenas

180 577 304 632 Servitio
316 582 423 646 premet
435 594 465 632 ac
478 577 558 631 victis
571 578 760 632 dominabitur
773 580 863 647 Argis.

181 664 320 718 Nascetur
332 664 446 733 pulchra
459 663 593 718 Troianus
606 666 713 733 origine
726 665 834 728 Oeesar,

180 751 334 821 Imperium
348 749 465 818 Oceano,
479 751 582 805 lamam
598 753 642 820 qui
655 753 786 806 terminet
799 753 887 820 astris,

182 838 277 902 Iulius,
291 855 309 892 a
319 855 419 906 magno
432 838 578 891 demissum
592 855 693 892 noman
707 839 775 893 Iulo.

183 925 265 979 Hunc
278 930 310 978 tu
322 925 387 978 olim
400 925 484 995 caelo,
499 925 593 994 spoliis
606 925 729 979 Orientis
742 933 880 994 onustum,

181 1013 313 1081 Accipies
325 1028 434 1080 secura3
459 1014 601 1066 vocabitur
613 1013 659 1067 hic
672 1030 780 1082 quoque
795 1016 874 1068 votis.

182 1101 291 1168 Aspera
304 1105 364 1152 tum
375 1100 474 1168 positis
485 1100 630 1154 mitescent
642 1101 750 1154 saecula
763 1101 855 1162 bellis:

182 1187 260 1240 Oana
272 1186 360 1254 Fides,
375 1192 403 1240 et
415 1186 511 1254 Vasta,
526 1187 615 1240 Remo
628 1203 690 1240 cum
703 1189 789 1242 fratre
802 1188 942 1256 Quirinus,

181 1274 249 1327 Iura
261 1274 381 1342 dabunt,
402 1274 479 1328 dirae
490 1275 565 1328 ferro
578 1282 607 1328 et
619 1276 796 1344 compagibus
808 1277 876 1330 artis

182 1361 355 1415 Claudentur
363 1359 434 1414 Belli
446 1368 559 1430 portae3
580 1361 669 1416 Furor
681 1363 781 1431 impius
793 1364 867 1416 intus

181 1449 271 1502 Saeva
280 1447 378 1502 sedens
390 1463 471 1516 super
484 1464 560 1502 arma
572 1455 601 1510 at
614 1454 725 1503 centum
740 1451 847 1504 vinctus
861 1452 937 1504 aeriis

181 1536 251 1588 Post
263 1540 371 1603 tergum
385 1533 465 1588 nodis
477 1535 579 1589 fremet
592 1536 721 1590 horridus
734 1554 782 1591 ore
796 1538 939 1592 cruento.”

219 1622 295 1675 Haec
308 1621 360 1688 ait„
369 1627 397 1674 et
409 1621 483 1676 Maia
495 1624 618 1690 genitum
633 1624 756 1678 demittit
768 1625 803 1678 ab
816 1624 879 1692 alto,

181 1708 221 1762 Ut
234 1713 332 1777 terrae,
346 1713 432 1777 utque
444 1725 534 1765 novae
547 1716 661 1778 pateant
675 1710 855 1779 Karthaginis
868 1729 945 1766 arces

181 1795 312 1863 Hospitio
325 1795 444 1864 Teucris,
458 1813 493 1850 ua
505 1797 557 1850 tati
566 1799 659 1852 nescia
670 1797 743 1852 Dido

181 1882 297 1936 Finibus
308 1887 423 1937 arceret.
462 1883 549 1938 Volat
561 1884 608 1938 ille
620 1901 670 1954 per
683 1893 747 1940 asra
760 1903 889 1954 magnum

182 1970 310 2038 Remigio
323 1970 435 2039 alarum,
451 1985 482 2025 ac
494 1971 597 2040 Libyae
609 1974 680 2027 citus
694 1975 781 2028 astitit
794 1975 857 2028 oris.

181 2058 221 2112 Et
233 2058 287 2112 iam
300 2058 374 2111 iussa
386 2058 460 2128 facit,
475 2065 638 2129 ponuntque
650 2061 755 2115 ferocia
767 2062 854 2116 Poeni

181 2145 276 2201 Corda
289 2147 401 2202 volente
413 2148 480 2216 de03
501 2149 530 2202 in
543 2148 640 2216 primis
652 2149 747 2216 regina
759 2150 884 2218 quietum

181 2235 295 2304 Accipit
306 2235 335 2288 in
349 2235 468 2290 Teucros
480 2237 602 2289 animum
613 2241 790 2304 mentemque
803 2237 959 2304 benignam.

217 2322 259 2374 At
270 2323 333 2391 pius
345 2322 464 2390 Aeneas,
478 2328 649 2391 pernoctem
662 2323 781 2391 plurima
794 2323 915 2391 volvens,

181 2409 222 2462 Ut
234 2410 355 2478 primum
367 2409 416 2462 lux
428 2410 500 2464 alma
512 2411 578 2464 data
590 2415 639 2478 est,
654 2411 729 2464 exire
741 2411 871 2478 locosque

180 2496 336 2566 Explorare
348 2513 442 2567 novos,
457 2513 524 2566 quas
536 2503 620 2552 vento
632 2498 776 2552 accesserit
789 2515 858 2564 oras,

181 2586 237 2651 Qui
249 2590 371 2653 teneant,
385 2602 448 2639 uam
461 2585 566 2640 inculta
580 2585 663 2654 videt,
681 2585 842 2639 hominesne
854 2586 973 2654 seraone,

181 2673 321 2740 Quaerere
334 2673 484 2740 constituit,
500 2675 634 2741 sociisque
648 2679 745 2728 exacta
757 2674 870 2726 referre.

181 2761 303 2815 Classem
317 2760 347 2812 in
360 2776 484 2814 convexo
497 2776 642 2814 nemorum
656 2761 705 2813 sub
720 2777 788 2829 rupe
802 2764 900 2814 cavata

181 2847 338 2902 Arboribus
351 2847 467 2901 clausam
481 2848 583 2901 circum
598 2853 680 2916 atque
692 2847 871 2901 horrentibus
885 2847 989 2901 umbris

181 2935 306 2996 Occulit;
327 2934 386 3002 ipse
398 2951 454 2988 uno
467 2934 592 3002 graditur
604 2935 754 2988 comitatus
767 2935 883 3002 Achate,

179 3021 253 3080 Bina
265 3037 349 3074 manu
361 3020 418 3074 lato
430 3021 554 3089 crispans
567 3022 677 3075 hastilia
690 3023 773 3076 ferro.

181 3109 234 3163 Oui
247 3116 338 3164 mater
351 3107 442 3162 media
454 3124 512 3162 sese
524 3107 589 3162 tulit
603 3108 684 3162 obvia
697 3108 773 3177 silva,

179 3196 308 3264 Virginis
320 3211 351 3248 os
365 3195 543 3263 habitumque
557 3211 654 3263 gerens
668 3200 696 3248 et
706 3196 820 3264 virginis
833 3213 917 3265 arma,

179 3283 342 3352 Spartanae,
357 3282 401 3336 vel
415 3282 503 3351 qualis
515 3299 600 3351 equos
612 3281 741 3336 Threissa
752 3284 851 3351 fatigat

178 3370 339 3440 Harpalyce
352 3369 546 3438 volucremque
558 3370 625 3438 fuga
637 3371 822 3439 praevertitur
836 3371 968 3427 Hebrum.

179 3457 309 3526 Namque
323 3455 426 3510 umeris
439 3455 473 3507 de
485 3473 561 3511 more
573 3457 692 3511 habilem
707 3458 887 3525 suspenderat
901 3475 996 3512 arcum

181 3545 328 3612 Venstrix,
343 3543 512 3610 dederatque
525 3561 630 3598 curnam
644 3544 801 3598 diffundere
813 3546 912 3612 ventis,
