2730 3936
524 171 661 222 vanum
684 171 848 222 anunlnos
871 172 904 222 11.

208 333 347 403 Aspicietl
367 339 501 403 partoque
514 335 566 388 ibit
577 335 673 402 regina
686 334 835 403 triumpho,

207 422 434 490 Coniugiumne,
449 421 623 490 domumque,
637 428 738 490 patres,
752 427 886 491 natosque
898 423 1011 490 videbit,

206 508 322 561 Iliadum
335 508 417 562 turba
429 514 457 562 et
470 509 599 576 Phrygiis
612 495 743 563 comitata
754 510 905 563 ministris?

206 595 346 649 Occiderit
358 596 435 648 ferro
447 595 593 649 Priamus?
630 594 714 649 Troia
725 597 822 650 arserit
835 597 909 664 ignii

206 681 377 736 Dardanium
390 683 494 736 totiens
506 683 757 748 sudaritsanguine
770 682 855 737 litusi

206 769 272 824 Nun
283 771 331 824 ita.
368 769 495 838 Namque
509 770 561 823 etsi
573 769 677 823 nullum
690 770 868 824 memorabile
882 788 982 824 nomen

206 857 338 911 Feminea
349 857 377 909 in
390 873 481 926 poena
493 862 535 910 est
547 873 599 910 nec
612 857 696 910 habet
709 857 827 911 victoria
840 857 957 926 leudem,

206 944 380 998 Exstinxisse
390 945 471 997 nefas
484 949 578 998 tamen
591 948 618 996 et
631 944 778 1012 sumpsisse
793 946 925 998 merentis

205 1032 351 1085 Laudabor
367 1047 478 1100 poenas,
494 1032 670 1099 animumque
683 1030 807 1099 explesse
818 1031 925 1085 iuvabit

207 1118 319 1172 Ultricis
330 1118 466 1187 flammae,
482 1128 512 1172 et
524 1119 628 1172 cineres
641 1118 754 1171 satiasse
766 1134 898 1172 meorum.

206 1205 282 1260 Talia
296 1205 440 1273 mutabam,
457 1210 486 1258 et
497 1205 602 1258 furiata
614 1209 706 1258 mente
719 1204 834 1272 ferebar,

207 1293 277 1346 Ourn
290 1293 357 1345 mihi
371 1309 407 1362 se,
422 1309 478 1346 non
492 1297 557 1347 ante
570 1291 656 1346 oculis
668 1298 726 1345 tam
739 1292 820 1360 clara,
835 1292 982 1348 videndam

207 1379 317 1433 Obtulit
330 1387 358 1434 et
370 1397 440 1448 pura
452 1397 502 1449 per
514 1384 625 1434 noctem
637 1378 664 1431 in
677 1378 738 1432 lnce
750 1380 860 1433 refulsit

206 1468 290 1522 Alma
301 1485 408 1538 parens,
423 1469 549 1523 confessa
561 1469 649 1535 deam,
665 1468 805 1537 qualisque
818 1468 904 1522 videri

206 1554 350 1609 Caelicolis
363 1561 390 1609 et
404 1561 507 1623 quanta
519 1555 595 1622 solet,
610 1554 762 1623 dextraque
774 1554 940 1623 prehensum

207 1641 359 1709 Continuit‚
374 1658 508 1711 roseoque
521 1641 589 1696 haec
602 1642 713 1710 insuper
726 1641 831 1695 addidit
844 1658 907 1696 ors:

208 1732 225 1758 “
235 1730 315 1797 Nate,
331 1731 390 1799 quis
402 1731 552 1784 indomitas
565 1735 657 1784 tantus
670 1730 749 1784 dolor
762 1731 865 1784 excitat
877 1732 950 1785 irael

207 1817 278 1882 Quid
292 1818 379 1871 furis?
398 1824 446 1871 aut
459 1835 577 1886 quonam
590 1819 676 1871 nostri
690 1818 742 1871 tibi
754 1834 820 1871 cura
831 1818 963 1872 recessit?

206 1907 271 1960 Non
284 1907 360 1976 prius
374 1907 496 1975 aspicies,
511 1906 557 1959 ubi
570 1905 672 1959 fessum
686 1912 776 1960 aetate
788 1912 931 1974 parentem

205 1995 331 2063 Liqueris
345 1993 506 2047 Anchisen?
526 1998 638 2061 superet
650 1994 806 2046 coniunxne
819 1992 929 2062 (incuss,

206 2086 396 2155 Ascaniusque
409 2086 496 2155 pueri
516 2101 585 2154 quos
597 2085 687 2139 omnis
698 2083 818 2151 undique
831 2081 931 2135 Graiae

206 2174 317 2230 Oircum
331 2179 425 2228 errant
438 2174 516 2242 acies,
531 2180 566 2241 et,
581 2173 610 2225 ni
624 2190 684 2227 mea
696 2189 761 2226 cura
773 2172 891 2240 resistat,

205 2263 263 2318 lam
277 2263 404 2317 flammae
417 2263 531 2316 tulerint
544 2262 671 2316 iuimicus
684 2267 712 2314 et
724 2260 845 2314 hauserit
858 2257 938 2312 ensis

205 2349 270 2404 Non
284 2350 335 2404 tibi
348 2349 512 2418 Tyndaridis
524 2350 610 2402 facies
621 2349 711 2402 invisa
722 2347 862 2401 Lacaenae

206 2438 373 2506 Onlpatusve
386 2438 478 2504 Paris;
497 2437 590 2490 divom
603 2436 785 2503 inclementia,
799 2435 902 2503 divom,

206 2524 264 2579 Has
277 2527 378 2579 evertit
391 2543 456 2594 opes
469 2527 622 2594 sternitque
635 2542 651 2578 a
663 2523 781 2577 culmine
794 2523 912 2576 Troiam.

206 2613 464 2682 Aspice-namque
478 2629 596 2679 omnem,
611 2629 681 2681 quae
692 2628 766 2664 nunc
779 2610 897 2665 obducta
909 2609 999 2663 tuenti

205 2700 331 2754 Mortalis
343 2699 457 2753 hebetat
470 2701 543 2753 visus
558 2699 610 2752 tibi
623 2706 650 2752 et
664 2698 757 2752 umida
770 2699 873 2751 circum

206 2788 321 2855 caligat,
335 2790 437 2842 nubem
451 2789 564 2856 eripiam
575 2807 582 2855 3
602 2793 633 2840 tu
645 2804 681 2840 ne
694 2804 747 2855 qua
758 2786 881 2855 parentis

205 2875 282 2929 Iussa
294 2876 369 2937 titire,
384 2893 436 2929 neu
451 2876 606 2944 praeceptis
618 2891 714 2943 parere
727 2890 857 2927 recusa-

205 2963 265 3029 Hic,
281 2963 327 3016 ubi
340 2963 467 3016 disiectas
480 2962 566 3015 moles
579 2962 727 3031 avulsaque
739 2961 811 3014 saxis

204 3050 277 3104 Saxa
289 3050 365 3104 vides
377 3051 520 3119 mixtoque
533 3049 682 3103 undantem
696 3048 810 3117 pulvere
822 3048 937 3115 fumum,

204 3136 351 3205 Neptunus
363 3155 457 3190 muros
469 3153 624 3205 magnoque
636 3139 728 3189 emota
741 3134 856 3188 tridenti

204 3223 395 3278 Fundamenta
408 3225 497 3292 quatit
509 3229 652 3291 totamque
665 3240 681 3275 a
694 3221 803 3276 sedibus
815 3221 912 3274 urbem

203 3309 292 3364 Eruit.
330 3309 383 3364 Hic
395 3310 466 3364 luno
479 3310 576 3364 Scaeas
589 3309 746 3362 saevissima
758 3313 853 3377 portas

204 3395 299 3448 Prima
310 3401 395 3461 tenet,
411 3396 569 3464 sociumque
582 3396 678 3449 furens
691 3412 708 3449 a
719 3395 835 3448 navibus
848 3409 947 3464 agmen

203 3481 290 3536 Ferro
302 3482 424 3536 accincta
437 3487 525 3536 vocat.
