2656 3940
505 189 651 256 uratur
666 205 830 254 Aruernos
853 205 910 254 vn.

202 369 263 435 Qua
274 369 389 423 Saturae
401 368 473 420 iacet
485 370 546 421 atra
559 367 642 436 palus,
657 366 817 435 gelidusque
830 382 880 434 per
893 367 962 419 imae

201 457 317 522 Quaerit
328 457 383 508 iter
395 454 473 508 vallis
487 460 568 527 atqua
581 455 607 506 iu
622 470 697 507 mara
711 453 839 508 conditur
854 453 947 506 Utens.

236 543 295 596 Hos
307 558 388 611 super
402 541 515 594 advenit
528 540 631 594 Volsca
643 540 678 592 de
690 546 772 609 genta
786 539 909 603 Camilla,

201 631 311 698 Agmen
324 645 408 697 agens
421 628 544 695 equitum
558 633 585 680 et
599 626 723 680 florentia
736 644 799 680 aere
812 633 944 693 catervas,

201 717 343 784 Bellatrix,
358 732 414 768 non
427 714 474 768 illa
487 714 548 767 eolo
562 713 712 768 calathisve
725 714 870 768 Minervae

200 804 343 858 Femineas
357 802 471 856 adsueta
483 818 587 866 manua,
603 801 648 854 sed
663 801 769 870 proelia
783 802 861 868 virgo

201 892 278 944 Dura
290 891 347 959 pati
360 906 508 959 cursusque
521 888 622 957 pedum
636 895 812 957 praevertere
826 896 932 943 ventos.

202 978 253 1031 Ilia
264 978 308 1031 vel
320 978 440 1031 intactae
453 977 553 1044 segetis
566 993 615 1045 per
628 993 735 1029 summa
749 976 856 1030 volaret

202 1064 342 1132 Gramina,
356 1079 407 1117 nea
419 1069 530 1116 teneras
542 1080 623 1116 eursu
636 1063 760 1116 laesisset
772 1064 886 1130 aristas3

202 1151 256 1205 Vei
268 1167 344 1204 mara
356 1167 405 1218 per
417 1150 537 1203 medium
551 1149 636 1203 fluctu
652 1167 784 1220 suspensa
798 1151 915 1204 tumenti

202 1240 299 1293 Ferret
311 1239 373 1304 iter,
387 1238 482 1291 aeleris
494 1255 546 1291 nea
561 1239 682 1305 tingeret
696 1256 814 1308 aequore
828 1239 945 1308 plantas.

202 1327 280 1381 Illam
294 1325 382 1380 omnis
395 1326 475 1378 tectis
488 1326 613 1394 agrisque
627 1325 713 1379 effusa
725 1327 854 1380 iuventus

202 1414 347 1482 Turbaque
361 1414 476 1467 miratur
491 1419 610 1466 matrum
625 1423 654 1466 et
665 1419 825 1482 prospectat
838 1418 959 1479 euntem,

202 1501 340 1554 Attonitis
353 1501 461 1554 inhians
474 1500 580 1568 animis,
596 1504 626 1552 ut
638 1500 729 1568 regius
742 1507 818 1554 ostro

202 1588 286 1643 Valet
298 1589 387 1641 honos
396 1588 465 1641 levis
477 1604 595 1654 umeros,
610 1593 640 1640 ut
653 1588 737 1640 fibula
749 1587 853 1642 crinem

202 1678 280 1730 Auro
293 1676 468 1741 internectat,
483 1674 597 1742 Lyciam
611 1681 642 1728 ut
654 1681 731 1742 gerat
743 1676 804 1743 ipsa
815 1675 975 1743 pharetram

202 1764 238 1820 Et
250 1763 415 1834 pastoralem
429 1762 552 1833 praefixa
566 1763 677 1831 auspide
690 1767 821 1830 myrtum.
