2656 3940
490 245 629 294 VERGILI
651 243 817 292 AENEIDOS
841 242 897 291 VII.

187 409 261 463 Mille
273 409 355 476 viros,
369 407 476 476 dignus,
491 407 588 476 patriis
602 406 647 475 qui
661 405 759 459 laetior
773 409 845 459 esset

186 496 321 564 Imperiis,
337 501 365 548 et
377 495 421 548 cui
433 499 513 562 pater
525 493 599 546 haud
612 492 766 546 Mezentius
779 500 858 546 esset.

221 583 290 637 Post
301 583 353 635 hos
365 581 500 649 insignem
514 580 606 649 palma
619 597 668 649 per
682 580 807 648 gramina
820 597 930 633 currum

189 670 370 738 Victoresque
384 673 505 722 ostentat
518 683 603 736 equos
618 675 693 720 satus
708 665 827 720 Hercule
839 667 956 735 pulchro

185 756 303 810 Pulcher
319 756 482 824 Aventinus,
498 754 640 822 clipeoque
656 755 763 821 insigne
777 759 923 822 paternum

187 843 306 896 Centum
319 842 415 911 anguis
428 843 600 910 cinctamque
615 842 686 910 gerit
700 841 873 910 serpentibus
886 841 1026 909 Hydram3
1077 867 1080 872 ·

187 930 272 984 Oollis
284 929 417 983 Aventini
431 929 501 983 silva
516 946 598 998 quem
611 929 690 981 Rhea
704 929 832 982 sacerdos

187 1018 332 1071 Furtivum
345 1025 427 1086 partu
443 1017 493 1069 sub
506 1017 617 1068 luminis
629 1015 716 1069 edidit
729 1033 797 1085 cras,

186 1106 275 1160 Mixta
288 1105 340 1158 deo
354 1104 460 1171 mulier,
477 1110 623 1172 postquam
632 1104 782 1157 Laurentia
794 1104 884 1158 victor

187 1194 316 1262 Geryone
330 1193 467 1254 exstincto
482 1191 644 1259 Tirynthius
657 1192 749 1260 attigit
762 1209 834 1260 arva,

187 1282 385 1349 Tyrrhenoque
398 1280 483 1333 boves
497 1280 525 1332 in
538 1279 651 1332 flumine
664 1280 731 1333 lavit
744 1279 869 1342 Hiberas.

187 1368 246 1422 Pila
258 1385 342 1421 manu
356 1383 503 1435 saevosque
516 1372 616 1435 gerunt
628 1366 658 1419 in
671 1366 743 1420 bella
755 1367 877 1437 dolones,

188 1455 225 1508 Et
238 1455 317 1508 tereti
331 1459 456 1523 pugnant
469 1470 603 1507 mucrone
618 1471 739 1524 veruque
752 1453 868 1509 Sabello.

189 1543 251 1611 Ipse
266 1541 356 1611 pedes,
370 1547 500 1610 tegumen
512 1546 645 1610 torquens
657 1541 777 1594 immane
789 1541 884 1607 leonis,

190 1631 316 1685 Terribili
330 1633 469 1701 impexum
482 1637 566 1699 saeta,
582 1649 644 1684 eum
658 1631 787 1684 dentibus
799 1630 875 1698 albis,

189 1717 306 1772 lndutus
317 1720 409 1788 capiti,
424 1720 463 1773 sic
477 1720 553 1788 regia
565 1725 640 1773 tecta
653 1719 770 1788 subibat,

188 1807 332 1874 Horridus,
348 1806 538 1875 Herculeoque
551 1823 660 1860 umeros
673 1807 790 1860 innexus
802 1807 912 1860 amictu.

224 1893 294 1947 Tum
307 1894 409 1962 gemini
422 1894 524 1947 fratres
536 1893 661 1946 Tiburtia
674 1894 784 1947 moenia
796 1893 931 1961 linquunt,

190 1983 296 2037 Fratris
308 1982 415 2036 Tiburti
428 1983 530 2035 dictam
544 1983 706 2051 cognomine
719 1988 837 2051 gentem,

192 2072 361 2141 Catillusque
374 2089 490 2141 acerque
505 2072 599 2140 Coras,
614 2072 721 2140 Argiva
733 2072 869 2138 iuventus,

190 2161 227 2215 Et
239 2162 355 2230 primam
371 2170 435 2216 ante
448 2161 534 2214 aciem
548 2159 632 2213 densa
641 2160 715 2213 inter
727 2160 784 2214 tela
796 2161 939 2214 feruntur:

189 2253 246 2307 Oen
260 2253 316 2306 duo
328 2253 481 2320 nubigenae
494 2269 556 2306 cum
569 2253 673 2305 vertice
685 2251 788 2304 montis
801 2251 834 2305 ab
847 2251 903 2304 alto

189 2339 366 2394 Descendunt
381 2340 519 2407 Centauri,
538 2338 674 2392 Homolen
690 2338 863 2406 Othrquue
875 2337 993 2390 nivalem

189 2426 355 2496 Linquentes
369 2443 449 2479 cursu
463 2426 575 2494 rapid03
599 2426 647 2480 dat
659 2426 788 2479 euntibus
801 2425 898 2494 ingens

189 2513 265 2567 Silva
275 2514 376 2579 locum,
392 2522 420 2566 et
432 2530 535 2581 magno
548 2515 650 2568 cedunt
664 2515 782 2582 virgulta
794 2515 912 2582 fragore.

225 2598 283 2652 Nee
298 2599 493 2654 Praenestinae
507 2601 638 2655 fundator
651 2602 740 2655 defuit
754 2602 836 2670 urbis,

190 2686 316 2740 Volcano
328 2687 451 2752 genitum
467 2705 567 2756 pecora
579 2689 653 2742 inter
666 2689 785 2756 agnostin
797 2706 891 2758 regem

190 2773 391 2842 inventumque
404 2774 473 2827 focis
486 2775 576 2828 omnis
589 2793 670 2844 quem
683 2777 800 2830 credidit
813 2783 894 2844 aetas,

190 2860 332 2914 Caeculus.
371 2859 452 2913 Hune
465 2861 537 2930 legio
551 2862 606 2916 late
620 2863 768 2916 comitatur
781 2864 903 2931 agrestis,

190 2947 297 3016 Quique
311 2948 396 3002 altum
410 2947 559 3003 Praeneste
574 2948 633 3017 viri,
649 2950 749 3018 quique
762 2967 828 3003 arva
837 2949 961 3003 Gabinae

191 3034 303 3088 lunonis
315 3035 490 3104 gelidumque
504 3036 640 3090 Anienem
654 3044 681 3090 et
695 3037 802 3091 roscida
815 3037 880 3091 rivis

191 3121 310 3175 Hernica
322 3139 388 3175 saxa
400 3122 502 3190 colunt,
518 3140 586 3192 quos
599 3123 676 3177 dives
689 3125 818 3192 Anagnia
830 3125 925 3193 pascit,

190 3205 273 3270 Quos,
289 3211 426 3262 Amasene
439 3216 524 3277 pater.
563 3209 589 3262 N
592 3227 627 3263 on
642 3211 694 3264 illis
709 3212 836 3265 omnibus
849 3228 932 3279 arma,

192 3291 214 3346 N
219 3310 250 3346 ec
263 3294 343 3361 clipei
357 3311 487 3349 currusve
500 3303 615 3364 sonant3
637 3315 699 3366 pars
714 3300 833 3352 maxima
846 3297 959 3368 glandes

192 3377 314 3432 liventis
328 3381 433 3448 plumbi
446 3385 565 3450 spargit;
586 3401 650 3452 pars
664 3385 768 3453 spicula
782 3393 872 3453 gestat

191 3464 262 3517 Bina
274 3482 375 3531 manu3
395 3467 539 3536 fulvosque
552 3469 609 3538 lupi
623 3470 657 3522 de
670 3470 741 3538 pelle
755 3471 861 3539 galeros

191 3550 312 3617 Tegmen
324 3551 429 3605 habent
441 3554 538 3621 capiti3
559 3557 673 3623 vestigia
686 3558 760 3611 nuda
772 3558 875 3612 sinistri
