2706 3938
496 251 635 300 VERGILI
658 251 823 300 Anunlnos
845 250 903 300 VII.

191 411 308 481 Mollius,
322 417 351 466 et
363 412 444 466 solito
457 417 575 466 matrum
589 412 721 480 demone,
736 412 830 465 loouta
842 420 891 478 est,

189 498 279 552 Multa
291 516 372 568 super
384 504 451 553 nata
462 499 610 553 lacrimans
622 499 807 568 Phrygiisque
822 497 995 566 hymenaeis:

191 589 207 616 “
217 586 401 641 Exsulibnsne
414 587 495 640 datur
508 587 635 640 duoenda
646 586 762 640 Lavinia
774 585 894 652 Teneris,

190 673 214 727 Ο
227 675 354 742 genitori
373 691 424 729 neo
436 680 465 726 te
476 674 589 727 miseret
601 678 737 741 nataeque
749 673 862 741 tuiquel

189 761 249 815 Neo
262 763 358 815 matris
369 761 488 822 miseret,
503 761 688 830 quamprimo
701 761 828 828 aquilone
840 761 978 829 relinquet

189 848 322 912 Perfidus,
338 848 393 902 alta
406 853 503 916 petens
517 848 635 901 abduote
648 847 763 916 virgine,
778 847 900 916 praedol

192 936 230 989 At
242 952 300 988 non
312 936 351 989 eie
363 935 500 1003 Phrygius
513 940 641 1003 penetrat
653 934 862 988 Lacedaemona
873 941 968 1002 pastor

190 1024 378 1092 Ledaeamque
391 1022 526 1076 Helenam
539 1021 672 1076 Troianas
685 1023 762 1075 vexit
775 1023 810 1076 ad
824 1022 921 1077 urbesi

191 1111 262 1178 Quid
276 1117 323 1164 tua
334 1115 429 1164 sancte
440 1109 528 1163 fidesl
549 1109 614 1178 quid
628 1127 694 1164 oura
707 1111 821 1178 antiqua
833 1117 944 1164 tuorum

189 1200 226 1253 Et
238 1199 440 1266 consanguineo
454 1199 556 1252 totiens
569 1199 635 1252 data
647 1199 761 1252 dextera
774 1197 886 1250 Turnoi

190 1288 220 1340 Si
232 1303 316 1354 gener
329 1291 444 1339 externe
456 1287 561 1354 petitur
573 1286 608 1338 de
620 1295 702 1354 gente
715 1285 828 1351 Latinis,

189 1374 276 1443 quue
289 1374 374 1441 sedet,
388 1373 530 1442 Faunique
543 1379 674 1442 premunt
686 1380 715 1426 te
725 1374 800 1427 iussa
811 1372 942 1441 parentis,

191 1462 308 1514 Omnem
322 1461 447 1530 equidem
461 1462 576 1529 seeptris
589 1467 701 1527 terram,
716 1478 786 1530 quae
798 1460 884 1513 libera
897 1459 998 1513 nostris

190 1549 320 1617 Dissidet,
335 1553 476 1602 externum
492 1566 561 1616 reor,
576 1554 605 1602 et
617 1550 656 1602 sio
668 1549 760 1602 dicere
773 1548 860 1602 divos.

190 1636 227 1689 Et
239 1636 339 1703 Turno,
354 1636 377 1688 ei
391 1637 480 1704 prima
493 1636 591 1690 domus
604 1641 746 1704 repetatur
759 1636 845 1704 orig0,

191 1723 310 1777 Inachus
323 1723 500 1791 Acrisiusque
513 1729 606 1792 patres
619 1723 779 1791 mediaeque
792 1721 952 1789 Myoenuo.”

226 1811 277 1863 His
290 1811 336 1863 ubi
349 1811 513 1880 nequiquam
528 1811 609 1864 dietis
621 1819 735 1878 experta
745 1809 874 1863 Latinum

192 1897 297 1952 Contra
310 1904 382 1952 stare
396 1899 479 1965 videt,
495 1899 660 1966 penitusque
673 1899 703 1951 in
717 1898 822 1950 viseera
834 1897 941 1964 lapsum

163 1986 167 1994 '
191 1986 333 2054 Serpentis
344 1985 441 2039 furiale
454 1985 566 2054 malum,
580 1991 720 2054 totumque
734 1991 865 2053 pererrat,

191 2073 260 2127 Tum
273 2090 339 2127 vero
352 2073 458 2142 infelix,
472 2073 632 2141 ingentibus
645 2073 736 2126 exeita
747 2072 886 2128 monstris·

191 2159 357 2214 Immensum
370 2161 429 2213 sine
442 2177 519 2213 more
532 2159 600 2212 furit
612 2159 756 2227 lymphata
767 2175 817 2226 per
831 2159 943 2212 urbem:

192 2249 248 2302 Ceu
263 2247 401 2317 quondam
414 2253 490 2301 torto
503 2246 622 2300 volitans
635 2247 685 2299 suh
698 2246 814 2300 verbere
827 2245 917 2311 turbo,

192 2336 279 2401 Quem
293 2335 371 2404 pueri
382 2351 481 2403 magno
493 2334 521 2386 in
535 2351 604 2402 gyro
620 2350 707 2387 vuoua
720 2332 790 2387 atria
803 2334 906 2385 oireum

190 2423 295 2478 Intenti
307 2424 373 2477 ludo
387 2421 599 2477 exeroent-ille
612 2428 689 2475 aetus
702 2420 811 2474 habena

191 2512 321 2566 Onrvatis
334 2513 423 2565 fertur
436 2510 547 2580 spatiis;
570 2514 663 2578 stupet
677 2509 762 2562 inscia
775 2523 858 2575 supra

192 2598 374 2667 impubesque
386 2616 491 2666 manus,
506 2599 608 2652 mirata
623 2595 742 2649 volubile
755 2595 859 2648 buxum
870 2613 877 2660 3

191 2685 267 2739 Dant
279 2687 386 2740 animos
398 2687 493 2755 plagae
503 2703 605 2741 :-non
619 2701 701 2739 eursu
715 2683 825 2750 segnior
837 2681 886 2734 illo

191 2774 246 2828 Per
257 2777 362 2830 medias
375 2777 457 2830 urbes
470 2777 560 2844 agitur
574 2775 744 2844 populosque
759 2771 866 2824 feroois.

193 2865 266 2929 Quin
279 2864 361 2918 etiam
374 2864 403 2916 in
416 2864 506 2928 silvas,
521 2862 647 2915 simulato
662 2861 774 2914 numine
789 2857 899 2920 Bacchi,

172 2951 173 2956 ’
192 2951 281 3005 Maius
294 2951 391 3006 adorta
403 2950 480 3004 nefas
492 2950 679 3016 maioremque
693 2964 756 3000 orsa
766 2947 896 3010 furorem,

192 3036 298 3106 Evolat,
313 3043 341 3092 et
354 3044 446 3092 natam
460 3037 596 3090 frondosis
608 3036 748 3088 montibus
761 3033 844 3098 abdit,

193 3127 255 3191 Quo
266 3127 418 3180 thalamum
433 3123 531 3191 eripiat
544 3123 655 3176 Teucris
668 3121 816 3188 taedasque
830 3124 961 3183 moretur,

195 3213 319 3266 “Euhoe
332 3212 440 3265 Baoohe
453 3211 469 3238 ”
483 3212 611 3272 frernens,
627 3207 716 3261 solum
728 3212 756 3260 te
769 3207 877 3274 virgine
891 3206 1004 3273 dignuin

192 3299 374 3353 vociferans:
397 3297 498 3350 etenim
513 3295 602 3348 mollis
616 3294 665 3346 tibi
679 3309 786 3346 sumere
798 3292 918 3360 thyrsos,
967 3361 969 3367 Ι

193 3387 230 3440 Te
243 3387 361 3439 lustrare
374 3385 467 3452 choro,
483 3400 590 3436 ssorum
603 3381 655 3434 tibi
668 3397 780 3449 pesoere
793 3380 906 3434 orinem.

193 3474 279 3528 Fama
290 3473 374 3537 volat,
389 3472 520 3538 furiisque
533 3465 662 3524 aoo'ensas
675 3473 788 3537 pectore
800 3473 903 3521 matres

194 3559 270 3612 Idem
284 3560 373 3612 omnis
385 3556 467 3609 simul
480 3557 562 3610 ardor
574 3555 639 3624 agit,
652 3572 726 3608 nova
739 3571 871 3622 quaerere
880 3559 962 3608 teota
