2706 3938
519 239 658 290 VEBGILI
681 235 846 284 AllellDOS
870 233 902 282 V.

207 408 332 476 Vinaque
343 405 479 460 fundebat
492 401 602 472 pateris,
618 398 792 465 animamque
804 395 923 448 vocabat

202 495 341 548 Anchisae
353 492 446 560 magni
459 489 602 557 Manisque
612 485 773 539 Acheronte
786 482 921 535 remissos.

201 581 261 636 Nec
274 597 331 634 non
343 584 372 633 et
385 579 459 645 socii,
475 593 545 646 quae
558 575 658 642 cuique
670 576 712 626 est
722 569 808 638 copia,
822 568 887 622 laeti

202 669 283 723 Dona
297 669 398 734 ferunt,
414 669 532 719 onerant
545 679 614 729 aras,
629 663 808 726 mactantque
820 657 968 722 iuvencos3

203 757 307 810 Ordine
320 762 390 808 aena
401 753 496 807 locant
509 751 562 817 alii,
579 750 686 817 fusique
699 764 749 816 per
761 744 876 798 herbam

202 843 346 897 Subicinnt
359 841 470 894 veribus
483 854 587 907 prunas
601 843 629 890 et
642 835 747 888 viscera
759 837 874 885 torrent.

236 929 405 998 Exspectata
416 927 474 980 dics
487 925 582 980 aderat
594 937 750 990 nonamque
763 935 860 972 serena

203 1018 341 1070 Auroram
354 1013 538 1068 Phaethontis
551 1012 613 1080 equi
626 1011 681 1064 iam
694 1010 754 1061 luce
766 1006 913 1072 vehebant,

203 1106 341 1174 Famaque
353 1103 487 1157 finitimos
500 1107 528 1154 et
541 1100 606 1154 clari
620 1113 720 1150 nomen
735 1097 851 1148 Acestae

202 1193 349 1259 Excierat3
369 1192 443 1244 laeto
456 1189 626 1257 complerant
638 1185 720 1238 litora
732 1187 821 1250 coetu,

204 1281 300 1334 Visuri
312 1279 465 1345 Aeneadas,
480 1293 544 1346 pars
557 1280 586 1328 et
597 1278 703 1327 certare
716 1269 812 1338 parati.

205 1368 320 1422 Munera
332 1366 468 1435 principio
480 1369 544 1417 ante
558 1361 652 1416 oculos
664 1359 790 1426 circoque
803 1356 930 1410 lrroautur

204 1453 351 1508 Inmedioz
370 1453 439 1508 sacri
446 1451 571 1520 tripodes
582 1447 738 1514 viridesque
750 1459 869 1498 coronae

204 1542 241 1595 Et
253 1540 493 1610 palmae,pretium
505 1537 663 1604 victoribus,
679 1549 808 1601 armaque
821 1536 850 1584 et
862 1533 939 1582 ostro

158 1679 160 1685 .
204 1629 337 1683 Periusae
349 1635 447 1697 vestes,
463 1626 569 1695 argenti
582 1625 695 1693 aurique
708 1621 858 1685 talentum,

204 1717 242 1770 Et
254 1718 322 1770 tuba
334 1717 492 1770 commissos
503 1713 595 1768 medio
607 1711 681 1766 canit
694 1725 793 1778 aggere
805 1705 892 1760 ludos.

205 1803 300 1858 Prima
311 1821 391 1872 pares
403 1805 500 1856 ineunt
512 1801 641 1870 gravibus
654 1797 806 1853 certamina
817 1793 900 1848 remis

207 1891 345 1956 Quattuor
357 1908 391 1944 ex
405 1891 480 1944 omni
493 1889 615 1943 delectae
628 1889 714 1942 classe
727 1887 843 1941 carinae.

186 2036 191 2045 ,
207 1980 340 2033 Velocem
352 1978 512 2031 Mnestheus
525 1977 581 2045 agit
594 1977 650 2030 acri
662 1975 765 2043 remige
778 1975 898 2041 Pristim,

206 2065 273 2120 Mox
286 2065 372 2119 Italus
385 2065 552 2132 Mnestheus
567 2080 653 2132 genus
666 2080 748 2132 aquo
761 2062 873 2116 nomine
886 2061 1014 2130 Memmi3

206 2153 404 2221 lugentemque
419 2153 493 2218 Gyas
502 2152 608 2220 ingenti
620 2151 694 2204 mole
706 2150 889 2219 Chimaeram,

207 2241 290 2294 Urbis
302 2256 378 2308 opus,
395 2239 496 2308 triplici
509 2239 595 2307 pubes
607 2255 687 2307 quam
701 2238 831 2292 Dardana
844 2255 926 2293 versu

207 2329 364 2398 impellunt,
379 2335 460 2381 terno
473 2332 644 2392 consurgunt
657 2327 753 2380 ordine
767 2327 849 2395 remi3

208 2417 414 2485 Sergestusque,
427 2415 526 2468 domus
538 2420 616 2468 tenet
628 2431 643 2468 a
656 2431 710 2482 quc
724 2415 821 2484 Sergia
832 2430 941 2481 nomen,

209 2504 349 2558 Centauro
360 2503 501 2556 invehitur
514 2519 620 2570 magna,
636 2501 780 2570 Scyllaque
794 2501 947 2556 Oloanthus

209 2593 349 2658 Caerulea,
364 2608 450 2659 genus
462 2590 536 2644 unde
548 2590 606 2655 tibi,
622 2589 746 2643 Romane
759 2589 878 2642 Cluenti.

244 2680 293 2732 Est
305 2679 402 2748 procul
414 2679 442 2730 in
456 2677 552 2745 pelago
565 2694 661 2730 saxum
673 2679 828 2747 spumantia
841 2684 939 2733 contra

208 2767 309 2834 Litora,
324 2765 396 2834 quod
410 2765 522 2818 tumidis
535 2764 706 2818 submersum
721 2765 847 2818 tunditur
860 2765 926 2818 olim

208 2853 357 2919 Fluctibus,
372 2851 480 2904 hiberni
494 2852 616 2905 condunt
629 2852 676 2905 ubi
690 2851 778 2905 sidera
791 2852 872 2919 Gori3

208 2939 367 3008 Tranquillo
380 2939 450 3006 silet,
464 2939 632 3007 immotaque
648 2938 784 2993 attollitur
796 2939 870 2992 unda

209 3027 328 3094 Gampus
341 3031 369 3080 ct
382 3027 480 3095 apricis
493 3028 575 3080 statio
588 3026 743 3094 gratissima
755 3027 868 3092 mergis:

209 3115 262 3168 Hic
274 3113 389 3167 viridem
405 3114 514 3167 Aeneas
526 3112 670 3166 frondenti
683 3129 717 3164 ex
726 3112 789 3165 ilice
801 3117 903 3166 metam

210 3201 361 3255 Constituit
373 3202 482 3269 signum
494 3200 586 3253 nautis
598 3205 684 3267 pater,
700 3199 772 3252 unde
784 3199 887 3253 reverti

210 3289 317 3344 Scirent
329 3294 358 3342 et
369 3289 467 3357 longos
481 3287 527 3341 ubi
539 3287 753 3340 circumflectere
766 3303 868 3339 cursus.

210 3376 279 3430 Turn
291 3376 352 3430 loca
364 3380 439 3428 sorte
451 3375 555 3441 legunt,
569 3374 675 3442 ipsique
687 3375 716 3427 in
730 3374 867 3441 puppibus
879 3389 947 3427 auro

210 3463 348 3516 Ductores
359 3462 442 3528 longe
455 3460 590 3527 effulgent
601 3467 731 3528 ostroque
743 3461 835 3514 decori
846 3479 853 3528 3

212 3548 311 3602 Uetera
323 3547 441 3616 populea
454 3545 561 3599 velatur
573 3547 671 3599 fronde
684 3547 812 3600 iuventus
