2706 3938
496 205 634 255 VERGILI
657 205 822 255 AllNllIDOS
843 205 888 256 VI.

185 368 307 433 Demens
323 372 351 420 et
370 371 452 420 cantu
465 372 546 420 vocat
558 366 587 418 in
600 366 751 420 certamina
763 365 850 432 divos,

186 453 320 507 Aemulus
333 458 478 522 exceptum
491 453 596 521 Triton,
611 453 634 506 si
647 453 759 507 credere
771 453 885 521 dignum
898 459 948 519 est,

186 540 262 593 Inter
276 556 341 592 saxa
355 539 442 593 virum
456 555 585 606 spumosa
597 539 770 592 immerserat
783 539 864 593 unda.

185 628 259 695 Ergo
273 643 368 680 omncs
381 643 481 694 magno
494 627 595 682 circum
610 626 730 680 clamere
743 626 909 691 fremebant,

186 716 336 782 Praecipue
349 715 410 783 pins
423 715 542 767 Aeneas.
579 713 649 766 Tum
661 714 736 768 iussa
748 712 876 781 Sibyllae,

187 802 267 869 Haud
279 818 365 868 mora,
380 801 514 854 festinant
526 801 631 862 fientes,
647 816 778 868 aramque
793 800 911 868 sepulcri

186 889 343 956 Congerere
356 888 501 942 arboribus
514 888 646 957 caeloque
660 887 778 940 educere
793 892 912 942 certant.¹

186 975 246 1028 Itur
258 974 288 1026 in
301 973 442 1042 antiquam
456 973 561 1041 silvam,
577 974 684 1028 stabula
699 973 756 1028 alta
768 973 897 1041 ferarum,

186 1061 377 1115 Procumbunt
389 1061 490 1129 piceae,
506 1065 585 1114 sonat
598 1061 654 1114 icta
667 1061 808 1115 securibus
819 1061 883 1128 ilex,

186 1149 391 1220 Fraxineaeque
404 1147 497 1201 trabes
510 1148 603 1202 cuneis
616 1153 645 1202 et
658 1147 742 1202 fissile
754 1149 839 1202 robur

187 1235 334 1302 Scinditur,
349 1234 502 1288 advolvunt
514 1235 635 1302 ingentis
647 1236 789 1289 montibus
801 1252 892 1289 ornos.

188 1323 314 1376 Necnon
328 1321 439 1398 Aeneas
448 1338 532 1390 opera
545 1323 618 1375 inter
633 1322 700 1376 talia
714 1325 819 1390 primus

187 1410 322 1462 Hortatur
336 1409 431 1474 socios,
447 1408 612 1477 paribusque
627 1409 781 1476 accingitur
796 1410 886 1463 armis.

187 1497 281 1565 Atque
293 1496 362 1550 haec
375 1496 433 1565 ipse
447 1513 496 1549 suo
509 1495 581 1548 tristi
595 1511 658 1550 cum
674 1496 758 1549 corde
771 1496 886 1565 volutat,

187 1584 342 1653 Aspeotans
355 1583 452 1636 silvam
465 1584 633 1651 immensam,
649 1588 677 1636 et
691 1584 729 1637 sic
742 1600 809 1637 voce
821 1589 963 1651 precatur:

189 1674 206 1700 “
214 1671 243 1725 si
257 1688 329 1725 nunc
342 1688 371 1724 se
384 1671 463 1724 nobis
475 1671 521 1724 ille
534 1687 632 1724 aureus
645 1671 745 1725 arbme
763 1687 855 1724 ramus

188 1760 324 1815 Ostendat
335 1778 449 1815 nemore
462 1761 491 1813 in
504 1761 595 1813 tantol
618 1759 728 1828 quando
742 1759 833 1811 omnia
846 1774 911 1811 vere

188 1849 250 1902 Heu
263 1849 378 1902 nimium
392 1848 427 1902 de
439 1853 467 1901 tc
481 1853 564 1914 vates,
579 1846 691 1914 Misene,
706 1846 797 1898 locuta
809 1845 878 1898 est.’'

188 1936 245 1990 Vix
258 1937 374 1991 ecfatus
387 1940 454 2002 erat,
471 1935 596 2002 geminae
608 1949 671 1986 oum
683 1934 759 1985 forte
769 1931 911 1986 columbae

187 2022 252 2093 Ipsa
264 2025 314 2078 sub
327 2042 376 2078 ora
388 2023 440 2076 viri
454 2022 530 2076 caelo
543 2037 642 2074 venere
655 2018 788 2087 volantes,

187 2112 224 2166 Et
237 2113 318 2166 viridi
332 2113 427 2168 sedere
439 2112 506 2166 solo.
545 2110 614 2163 'lum
628 2107 766 2170 maximus
778 2108 860 2162 heros

188 2201 328 2258 Maternae
340 2202 465 2271 agnoseit
479 2216 551 2266 aves,
566 2197 708 2265 laetusque
722 2201 864 2264 precatur:

190 2289 281 2344 “Este
294 2290 383 2358 duces,
399 2306 423 2350 ο,
438 2289 461 2342 si
475 2304 529 2357 qua
540 2285 585 2338 via
599 2289 648 2352 est,
664 2298 828 2350 cursumque
840 2297 889 2349 per
902 2297 982 2334 auras

187 2375 311 2445 Derigite
323 2378 352 2430 in
364 2377 448 2443 lucos,
464 2375 512 2429 nbi
525 2373 655 2442 pinguem
668 2370 747 2426 dives
760 2374 858 2436 opacat

188 2463 291 2517 Remus
303 2465 425 2517 humum.
464 2463 567 2530 Tuque,
583 2476 607 2527 0,
622 2457 712 2510 dubiis
723 2472 759 2509 ne
771 2454 857 2508 defice
869 2454 958 2522 rebus,

188 2550 261 2605 Diva
273 2550 399 2620 parens.'’
438 2550 483 2604 Sic
496 2549 595 2603 effatus
608 2543 724 2612 vestigia
737 2543 843 2611 pressit,

189 2638 354 2708 Observans,
369 2657 438 2710 quae
451 2640 529 2708 signa
542 2638 640 2704 ferant,
657 2650 711 2703 quo
724 2631 838 2685 tendere
850 2635 975 2699 pergant.

188 2726 336 2781 Pascentes
348 2727 412 2781 illae
424 2732 533 2780 tantum
547 2724 659 2794 prodire
673 2719 801 2786 volando,

189 2814 329 2879 Quantum
343 2815 401 2869 acie
415 2817 527 2882 possent
541 2810 612 2865 ocull
625 2826 734 2864 servare
749 2809 920 2876 sequentum.

188 2901 256 2955 lndc
270 2903 316 2957 ubi
329 2918 430 2955 venere
443 2900 476 2954 ad
490 2901 581 2953 fauces
594 2896 778 2966 graveolentis
791 2892 906 2960 Averni,

188 2989 301 3044 Tollunt
314 3007 342 3042 se
356 2988 465 3053 celeres,
480 2986 670 3056 liquidumque
682 3000 733 3052 per
747 2989 811 3036 aera
822 2980 915 3049 lapsae

189 3076 305 3131 Sedibus
319 3077 420 3146 optatis
433 3075 543 3143 gemina
555 3089 638 3141 super
651 3070 749 3124 arbore
762 3069 864 3136 sidunt,

189 3162 315 3218 Discolor
329 3163 401 3217 unde
414 3162 472 3217 auri
485 3178 535 3230 per
547 3176 640 3213 ramos
652 3173 719 3212 aura
732 3156 846 3210 refulsit.

189 3251 276 3316 Quale
289 3251 359 3304 solet
373 3251 448 3304 silvis
460 3248 577 3302 brumali
587 3247 693 3316 frigore
705 3244 812 3297 viscum

189 3338 298 3391 Fronde
310 3338 401 3391 virere
413 3353 493 3399 nova,
509 3334 582 3403 quod
594 3349 650 3386 non
663 3348 712 3384 sua
724 3330 842 3386 seminat
855 3329 944 3398 arbos,

189 3421 226 3478 Et
239 3440 336 3479 croceo
349 3423 407 3476 fetu
420 3422 516 3475 teretis
528 3419 698 3474 circumdare
711 3423 840 3471 truncos:

190 3510 262 3564 Talis
274 3515 334 3564 erat
346 3509 451 3578 species
464 3507 523 3560 auri
536 3506 692 3560 frondentis
705 3521 791 3572 opaca
