2734 3936
459 208 597 258 vnasltl
619 209 807 261 Gnouulcon
830 212 877 262 111.

150 369 239 435 Quam
254 371 394 424 Venerem
408 376 437 424 et
450 373 522 426 caeci
536 373 662 426 stimulos
675 379 800 427 avertere
813 375 922 442 amoris,

149 457 214 511 Sive
228 459 311 512 boum
326 460 383 512 sive
397 464 439 511 est
451 459 495 512 cni
508 460 612 527 gratior
624 477 689 513 usus
701 477 841 529 equorum.

148 545 244 614 Atque
256 545 320 598 ideo
333 550 429 598 tauros
441 546 537 614 procul
550 552 633 615 atquc
645 549 673 600 in
687 548 744 602 sola
756 549 880 616 relegant

148 631 263 699 Pascua,
279 637 342 700 post
354 639 479 686 montem
492 635 657 702 oppositum,
671 641 700 688 et
712 642 788 688 trans
801 635 915 690 flumina
926 637 991 705 lata,

148 719 207 772 Aut
219 720 296 772 intus
309 719 417 772 clausos
430 725 523 774 satura
535 721 571 774 ad
583 723 742 790 praesaepia
753 732 873 778 servant.

148 807 247 875 Carpit
260 808 333 860 enim
347 807 414 860 viris
426 807 558 875 paulatim
573 809 683 878 uritque
697 810 815 864 videndo

147 895 271 963 Femina,
286 911 337 948 nec
349 911 494 948 nemorum
506 897 611 963 patitur
624 898 780 950 meminisse
793 915 844 951 nec
857 899 959 954 herbae

146 981 283 1035 Dulcibus
295 980 343 1034 illa
355 981 466 1050 quidem
478 981 631 1052 inlecebris,
647 989 675 1036 et
687 1000 768 1051 saepe
781 986 915 1053 superbos

145 1069 287 1122 Cornibus
299 1069 372 1122 inter
385 1085 414 1122 se
426 1070 528 1138 subigit
540 1070 689 1124 decernere
701 1073 827 1126 amantis.

142 1153 275 1210 Pascitur
287 1157 316 1209 in
329 1173 429 1225 magna
441 1157 498 1211 Sila
509 1157 631 1212 formosa
642 1159 774 1213 iuvenca:

145 1244 190 1297 Illi
204 1244 375 1298 alternantes
386 1243 475 1298 multa
486 1245 515 1297 vi
527 1245 633 1313 proelia
644 1246 761 1300 miscent

145 1331 318 1385 Volneribus
330 1331 448 1400 crebris;
468 1331 537 1385 lavit
549 1338 609 1386 ater
620 1349 738 1401 corpora
750 1336 865 1403 sanguis,

145 1418 290 1485 Versaque
303 1417 333 1470 in
345 1417 461 1470 obnixos
474 1423 606 1486 urgentur
619 1435 724 1474 cornua
735 1425 814 1474 vasto

145 1505 217 1558 (lum
231 1506 349 1572 gemitu3
370 1505 488 1558 reboant
500 1505 639 1574 silvaeque
652 1511 680 1560 et
692 1507 789 1575 longus
802 1508 944 1578 Olympus.

145 1591 207 1646 Nec
219 1608 281 1645 mos
292 1591 420 1645 bellantis
435 1609 488 1645 una
500 1593 652 1660 stabulare3
674 1595 721 1646 sed
735 1594 805 1648 alter

145 1681 247 1733 Victus
260 1679 324 1746 abit,
338 1677 474 1748 longeque
486 1681 590 1748 ignotis
602 1680 709 1734 exsulat
722 1683 784 1750 oris,

144 1767 235 1822 Multa
246 1786 358 1837 gemens
369 1771 549 1838 ignominiam
561 1771 708 1839 plagasque
720 1771 830 1839 superbi

144 1856 278 1925 Victoris,
292 1863 359 1925 tum,
375 1875 443 1927 quos
456 1859 548 1912 amisit
559 1858 671 1926 inultus,
687 1875 807 1927 amores;

63 1926 73 1946 ⁸
143 1943 183 1996 Et
196 1944 304 1998 stabula
316 1952 460 2014 aspectans
472 1946 565 2014 regnis
577 1946 695 1999 excessit
706 1945 795 1998 avitis.

143 2029 220 2099 Ergo
233 2033 309 2085 omni
322 2050 388 2086 cura
400 2033 467 2086 viris
479 2040 598 2102 exercet,
612 2039 641 2086 et
652 2034 725 2087 inter

142 2117 224 2174 Dura
236 2119 306 2175 iacet
320 2122 418 2190 pernix
430 2121 549 2174 instrato
563 2138 628 2175 saxa
641 2122 731 2187 cubili,

143 2206 301 2262 Frondibus
312 2207 427 2262 hirsutis
439 2212 468 2260 et
480 2209 568 2262 carice
580 2215 675 2276 pastus
688 2215 774 2277 acuta,

142 2293 181 2347 Et
193 2299 312 2364 temptat
325 2313 391 2364 sese,
406 2299 489 2365 atque
500 2295 581 2350 irasci
593 2297 622 2349 iu
635 2313 740 2350 cornua
751 2296 831 2351 discit

143 2381 262 2436 Arboris
275 2384 391 2437 obnixus
403 2388 510 2450 trunco,
526 2392 677 2453 ventosque
689 2383 799 2438 lacessit

142 2467 257 2538 Ictibus,
273 2474 302 2524 et
313 2487 406 2540 sparsa
418 2470 453 2524 ad
465 2487 585 2539 pugnam
598 2471 720 2540 proludit
733 2472 843 2526 harena.

142 2556 219 2624 Post,
234 2558 281 2610 ubi
293 2557 440 2612 collectum
452 2558 537 2611 robur
550 2559 675 2627 viresque
688 2559 816 2627 refectae,

142 2643 229 2722 Signa
240 2651 341 2713 movet,
356 2661 541 2714 praecepsque
553 2646 671 2699 oblitum
683 2647 774 2699 fertur
786 2647 815 2699 in
828 2646 951 2701 hostem:

141 2731 256 2785 Fluctus
268 2733 318 2800 uti,
333 2732 426 2785 medio
438 2733 531 2801 coepit
543 2749 605 2786 cum
618 2733 756 2787 albescere
769 2741 864 2802 ponto,

141 2818 263 2886 Longius
276 2838 310 2872 ex
324 2821 435 2889 altoque
448 2821 537 2874 sinum
550 2820 651 2882 trabit;
671 2825 756 2889 utque
769 2821 879 2874 volutus

141 2906 188 2958 Ad
201 2913 289 2961 terras
301 2907 421 2962 immane
434 2914 514 2962 sonat
526 2925 576 2977 per
588 2925 661 2976 saxa,
676 2925 763 2977 neque
776 2909 835 2978 ipso

141 2992 237 3048 Monte
251 2995 342 3048 minor
354 2996 528 3064 procumbit3
549 3003 578 3049 at
589 2995 644 3050 ima
657 3001 800 3049 exaestuat
811 2996 885 3050 unda

141 3081 308 3151 verticibus,
322 3083 485 3151 nigramque
498 3083 552 3136 alte
565 3084 698 3136 subiectat
710 3083 849 3136 harenam.

177 3169 266 3224 Omne
280 3170 350 3224 adeo
362 3186 448 3237 genus
460 3170 487 3221 in
502 3170 582 3223 terris
595 3170 791 3239 hominumque
804 3171 987 3239 ferarumque,
1007 3165 1008 3170 ’

140 3255 177 3309 Et
188 3274 274 3324 genus
287 3273 462 3325 aequoreum,
475 3257 601 3324 pecudes,
616 3258 759 3325 pictaeque
772 3257 904 3325 volucres

141 3342 174 3394 ln
186 3345 271 3398 furias
282 3345 431 3412 ignemque
444 3348 541 3397 ruunt:
562 3361 640 3397 amor
653 3343 779 3397 omnibus
790 3345 872 3398 idem.

141 3429 273 3499 Tetrapore
286 3447 342 3484 non
357 3430 413 3484 alio
426 3431 577 3484 catulorum
593 3431 678 3484 oblita
687 3431 782 3484 leaena

141 3515 251 3572 Saevior
264 3517 370 3571 erravit
382 3517 495 3585 campis,
508 3535 559 3572 nec
572 3519 670 3571 funera
682 3517 764 3586 volgo

200 3591 214 3640 6
