<?xml version="1.0" encoding="UTF-8"?>
<!DOCTYPE html PUBLIC "-//W3C//DTD XHTML 1.0 Transitional//EN"
    "http://www.w3.org/TR/xhtml1/DTD/xhtml1-transitional.dtd">
<html xmlns="http://www.w3.org/1999/xhtml" xml:lang="en" lang="en">
 <head>
  <title>
</title>
<meta http-equiv="Content-Type" content="text/html;charset=utf-8" />
  <meta name='ocr-system' content='tesseract 3.04.00' />
  <meta name='ocr-capabilities' content='ocr_page ocr_carea ocr_par ocr_line ocrx_word'/>
</head>
<body>
  <div class='ocr_page' id='page_1' title='image "./arevisedtextpoe00virggoog_0092.png"; bbox 0 0 2734 3936; ppageno 0'>
   <div class='ocr_carea' id='block_1_1' title="bbox 552 224 972 278">
    <p class='ocr_par' dir='ltr' id='par_1_1' title="bbox 552 224 972 278">
     <span class='ocr_line' id='line_1_1' title="bbox 552 224 972 278; baseline 0.007 -5"><span class='ocrx_word' id='word_1_1' title='bbox 552 225 690 275; x_wconf 80' lang='lat' dir='ltr'><strong>VERGILI</strong></span> <span class='ocrx_word' id='word_1_2' title='bbox 714 224 902 276; x_wconf 79' lang='lat' dir='ltr'><strong>GEORGICON</strong></span> <span class='ocrx_word' id='word_1_3' title='bbox 926 228 972 278; x_wconf 89' lang='lat'>111.</span> 
     </span>
    </p>
   </div>
   <div class='ocr_carea' id='block_1_2' title="bbox 245 386 972 552">
    <p class='ocr_par' dir='ltr' id='par_1_2' title="bbox 245 386 972 552">
     <span class='ocr_line' id='line_1_2' title="bbox 245 386 872 456; baseline 0.006 -17"><span class='ocrx_word' id='word_1_4' title='bbox 245 386 389 456; x_wconf 91' lang='lat' dir='ltr'><strong>Purpurea</strong></span> <span class='ocrx_word' id='word_1_5' title='bbox 399 387 502 441; x_wconf 80' lang='lat' dir='ltr'><strong>intexti</strong></span> <span class='ocrx_word' id='word_1_6' title='bbox 513 387 614 442; x_wconf 89' lang='lat' dir='ltr'><strong>tollant</strong></span> <span class='ocrx_word' id='word_1_7' title='bbox 627 388 872 444; x_wconf 83' lang='lat' dir='ltr'><strong>aulaeassritanni.</strong></span> 
     </span>
     <span class='ocr_line' id='line_1_3' title="bbox 246 474 972 552; baseline 0.004 -25"><span class='ocrx_word' id='word_1_8' title='bbox 246 475 279 527; x_wconf 93' lang='lat' dir='ltr'><strong>In</strong></span> <span class='ocrx_word' id='word_1_9' title='bbox 288 474 393 528; x_wconf 84' lang='lat' dir='ltr'><strong>foribus</strong></span> <span class='ocrx_word' id='word_1_10' title='bbox 405 491 525 543; x_wconf 85' lang='lat' dir='ltr'><strong>pugnam</strong></span> <span class='ocrx_word' id='word_1_11' title='bbox 539 493 572 528; x_wconf 90' lang='lat' dir='ltr'><strong>ex</strong></span> <span class='ocrx_word' id='word_1_12' title='bbox 587 492 654 528; x_wconf 90' lang='lat' dir='ltr'><strong>auro</strong></span> <span class='ocrx_word' id='word_1_13' title='bbox 668 475 810 552; x_wconf 83' lang='lat' dir='ltr'><strong>solidoque</strong></span> <span class='ocrx_word' id='word_1_14' title='bbox 823 477 972 545; x_wconf 89' lang='lat' dir='ltr'><strong>elephanto</strong></span> 
     </span>
    </p>
   </div>
   <div class='ocr_carea' id='block_1_3' title="bbox 243 561 1022 1156">
    <p class='ocr_par' dir='ltr' id='par_1_3' title="bbox 245 561 986 805">
     <span class='ocr_line' id='line_1_4' title="bbox 246 561 949 632; baseline 0.003 -18"><span class='ocrx_word' id='word_1_15' title='bbox 246 561 434 629; x_wconf 84' lang='lat' dir='ltr'><strong>Gangaridum</strong></span> <span class='ocrx_word' id='word_1_16' title='bbox 447 562 548 615; x_wconf 81' lang='lat' dir='ltr'><strong>faciam</strong></span> <span class='ocrx_word' id='word_1_17' title='bbox 561 563 730 631; x_wconf 88' lang='lat' dir='ltr'><strong>victorisque</strong></span> <span class='ocrx_word' id='word_1_18' title='bbox 743 580 819 617; x_wconf 90' lang='lat' dir='ltr'><strong>arma</strong></span> <span class='ocrx_word' id='word_1_19' title='bbox 832 563 949 632; x_wconf 81' lang='lat' dir='ltr'><strong>Quirini,</strong></span> 
     </span>
     <span class='ocr_line' id='line_1_5' title="bbox 245 648 986 720; baseline 0.005 -20"><span class='ocrx_word' id='word_1_20' title='bbox 245 649 337 716; x_wconf 82' lang='lat' dir='ltr'><strong>Atque</strong></span> <span class='ocrx_word' id='word_1_21' title='bbox 349 648 395 701; x_wconf 94' lang='lat' dir='ltr'><strong>hic</strong></span> <span class='ocrx_word' id='word_1_22' title='bbox 408 649 557 702; x_wconf 91' lang='lat' dir='ltr'><strong>undantem</strong></span> <span class='ocrx_word' id='word_1_23' title='bbox 572 649 644 702; x_wconf 90' lang='lat' dir='ltr'><strong>hello</strong></span> <span class='ocrx_word' id='word_1_24' title='bbox 656 667 841 720; x_wconf 85' lang='lat' dir='ltr'><strong>magnumque</strong></span> <span class='ocrx_word' id='word_1_25' title='bbox 855 651 986 705; x_wconf 89' lang='lat' dir='ltr'><strong>fluentem</strong></span> 
     </span>
     <span class='ocr_line' id='line_1_6' title="bbox 245 736 883 805; baseline 0.005 -17"><span class='ocrx_word' id='word_1_26' title='bbox 245 736 348 803; x_wconf 90' lang='lat' dir='ltr'><strong>Nilum,</strong></span> <span class='ocrx_word' id='word_1_27' title='bbox 363 753 395 789; x_wconf 89' lang='lat' dir='ltr'><strong>uc</strong></span> <span class='ocrx_word' id='word_1_28' title='bbox 407 736 497 789; x_wconf 90' lang='lat' dir='ltr'><strong>navali</strong></span> <span class='ocrx_word' id='word_1_29' title='bbox 511 737 649 805; x_wconf 86' lang='lat' dir='ltr'><strong>surgentis</strong></span> <span class='ocrx_word' id='word_1_30' title='bbox 662 754 725 790; x_wconf 90' lang='lat' dir='ltr'><strong>aere</strong></span> <span class='ocrx_word' id='word_1_31' title='bbox 740 737 883 792; x_wconf 86' lang='lat' dir='ltr'><strong>columnas</strong></span> 
     </span>
    </p>

    <p class='ocr_par' dir='ltr' id='par_1_4' title="bbox 243 822 1022 1156">
     <span class='ocr_line' id='line_1_7' title="bbox 243 822 1011 894; baseline 0.004 -19"><span class='ocrx_word' id='word_1_32' title='bbox 243 823 354 876; x_wconf 84' lang='lat' dir='ltr'><strong>Addam</strong></span> <span class='ocrx_word' id='word_1_33' title='bbox 370 823 449 876; x_wconf 89' lang='lat' dir='ltr'><strong>urbes</strong></span> <span class='ocrx_word' id='word_1_34' title='bbox 462 822 545 877; x_wconf 86' lang='lat' dir='ltr'><strong>Asiae</strong></span> <span class='ocrx_word' id='word_1_35' title='bbox 559 825 678 878; x_wconf 90' lang='lat' dir='ltr'><strong>domitas</strong></span> <span class='ocrx_word' id='word_1_36' title='bbox 692 824 855 894; x_wconf 91' lang='lat' dir='ltr'><strong>pulsumque</strong></span> <span class='ocrx_word' id='word_1_37' title='bbox 868 825 1011 894; x_wconf 83' lang='lat' dir='ltr'><strong>Niphaten</strong></span> 
     </span>
     <span class='ocr_line' id='line_1_8' title="bbox 244 909 1022 981; baseline 0.006 -19"><span class='ocrx_word' id='word_1_38' title='bbox 244 909 443 978; x_wconf 87' lang='lat' dir='ltr'><strong>Fidentemque</strong></span> <span class='ocrx_word' id='word_1_39' title='bbox 456 910 520 978; x_wconf 82' lang='lat' dir='ltr'><strong>fuga</strong></span> <span class='ocrx_word' id='word_1_40' title='bbox 532 911 669 964; x_wconf 84' lang='lat' dir='ltr'><strong>Parthum</strong></span> <span class='ocrx_word' id='word_1_41' title='bbox 682 912 825 981; x_wconf 87' lang='lat' dir='ltr'><strong>versisque</strong></span> <span class='ocrx_word' id='word_1_42' title='bbox 838 913 954 981; x_wconf 77' lang='lat' dir='ltr'><strong>sagittis,</strong></span> <span class='ocrx_word' id='word_1_43' title='bbox 1011 950 1022 967; x_wconf 81' lang='grc'><strong>.</strong></span> 
     </span>
     <span class='ocr_line' id='line_1_9' title="bbox 243 995 923 1068; baseline 0.006 -18"><span class='ocrx_word' id='word_1_44' title='bbox 243 995 279 1050; x_wconf 90' lang='lat' dir='ltr'><strong>Et</strong></span> <span class='ocrx_word' id='word_1_45' title='bbox 291 998 347 1050; x_wconf 92' lang='lat' dir='ltr'><strong>duo</strong></span> <span class='ocrx_word' id='word_1_46' title='bbox 359 1002 438 1066; x_wconf 90' lang='lat' dir='ltr'><strong>rapta</strong></span> <span class='ocrx_word' id='word_1_47' title='bbox 450 1014 533 1051; x_wconf 90' lang='lat' dir='ltr'><strong>manu</strong></span> <span class='ocrx_word' id='word_1_48' title='bbox 546 997 655 1051; x_wconf 88' lang='lat' dir='ltr'><strong>diverso</strong></span> <span class='ocrx_word' id='word_1_49' title='bbox 668 1014 703 1051; x_wconf 90' lang='lat' dir='ltr'><strong>ex</strong></span> <span class='ocrx_word' id='word_1_50' title='bbox 715 998 795 1052; x_wconf 90' lang='lat' dir='ltr'><strong>hoste</strong></span> <span class='ocrx_word' id='word_1_51' title='bbox 808 1004 923 1068; x_wconf 87' lang='lat' dir='ltr'><strong>tropaea</strong></span> 
     </span>
     <span class='ocr_line' id='line_1_10' title="bbox 243 1085 924 1156; baseline 0.006 -18"><span class='ocrx_word' id='word_1_52' title='bbox 243 1085 345 1154; x_wconf 81' lang='lat' dir='ltr'><strong>Bisque</strong></span> <span class='ocrx_word' id='word_1_53' title='bbox 357 1085 540 1154; x_wconf 81' lang='lat' dir='ltr'><strong>triumphatas</strong></span> <span class='ocrx_word' id='word_1_54' title='bbox 552 1091 671 1156; x_wconf 91' lang='lat' dir='ltr'><strong>utroque</strong></span> <span class='ocrx_word' id='word_1_55' title='bbox 685 1087 719 1140; x_wconf 93' lang='lat' dir='ltr'><strong>ab</strong></span> <span class='ocrx_word' id='word_1_56' title='bbox 732 1086 814 1140; x_wconf 91' lang='lat' dir='ltr'><strong>litore</strong></span> <span class='ocrx_word' id='word_1_57' title='bbox 826 1088 924 1155; x_wconf 85' lang='lat' dir='ltr'><strong>gentis.</strong></span> 
     </span>
    </p>
   </div>
   <div class='ocr_carea' id='block_1_4' title="bbox 162 1172 864 1244">
    <p class='ocr_par' dir='ltr' id='par_1_5' title="bbox 162 1172 864 1244">
     <span class='ocr_line' id='line_1_11' title="bbox 162 1172 864 1244; baseline 0.003 -18"><span class='ocrx_word' id='word_1_58' title='bbox 162 1206 164 1210; x_wconf 83' lang='lat'><em>.</em></span> <span class='ocrx_word' id='word_1_59' title='bbox 242 1172 363 1226; x_wconf 83' lang='lat' dir='ltr'><strong>Stabunt</strong></span> <span class='ocrx_word' id='word_1_60' title='bbox 375 1177 403 1226; x_wconf 88' lang='lat' dir='ltr'><strong>et</strong></span> <span class='ocrx_word' id='word_1_61' title='bbox 415 1172 490 1226; x_wconf 88' lang='lat' dir='ltr'><strong>Parii</strong></span> <span class='ocrx_word' id='word_1_62' title='bbox 502 1173 614 1241; x_wconf 86' lang='lat' dir='ltr'><strong>lapides,</strong></span> <span class='ocrx_word' id='word_1_63' title='bbox 631 1175 764 1244; x_wconf 78' lang='lat' dir='ltr'><strong>spirantia</strong></span> <span class='ocrx_word' id='word_1_64' title='bbox 779 1177 864 1243; x_wconf 85' lang='lat' dir='ltr'><strong>signa,</strong></span> 
     </span>
    </p>
   </div>
   <div class='ocr_carea' id='block_1_5' title="bbox 237 1259 1048 3596">
    <p class='ocr_par' dir='ltr' id='par_1_6' title="bbox 242 1259 1048 1505">
     <span class='ocr_line' id='line_1_12' title="bbox 242 1259 1033 1330; baseline -0.001 -16"><span class='ocrx_word' id='word_1_65' title='bbox 242 1260 372 1314; x_wconf 81' lang='lat' dir='ltr'><strong>Assaraci</strong></span> <span class='ocrx_word' id='word_1_66' title='bbox 385 1259 477 1327; x_wconf 91' lang='lat' dir='ltr'><strong>proles</strong></span> <span class='ocrx_word' id='word_1_67' title='bbox 489 1260 676 1330; x_wconf 84' lang='lat' dir='ltr'><strong>demissaeque</strong></span> <span class='ocrx_word' id='word_1_68' title='bbox 690 1263 724 1317; x_wconf 91' lang='lat' dir='ltr'><strong>ab</strong></span> <span class='ocrx_word' id='word_1_69' title='bbox 738 1263 804 1316; x_wconf 88' lang='lat' dir='ltr'><strong>Iove</strong></span> <span class='ocrx_word' id='word_1_70' title='bbox 818 1261 908 1330; x_wconf 84' lang='lat' dir='ltr'><strong>gentis</strong></span> <span class='ocrx_word' id='word_1_71' title='bbox 1029 1326 1033 1330; x_wconf 92' lang='lat'>.</span> 
     </span>
     <span class='ocr_line' id='line_1_13' title="bbox 242 1346 1048 1416; baseline 0.001 -16"><span class='ocrx_word' id='word_1_72' title='bbox 242 1346 371 1413; x_wconf 84' lang='lat' dir='ltr'><strong>Nomina,</strong></span> <span class='ocrx_word' id='word_1_73' title='bbox 386 1346 508 1415; x_wconf 88' lang='lat' dir='ltr'><strong>Trosque</strong></span> <span class='ocrx_word' id='word_1_74' title='bbox 521 1364 628 1416; x_wconf 87' lang='lat' dir='ltr'><strong>parens,</strong></span> <span class='ocrx_word' id='word_1_75' title='bbox 644 1356 673 1403; x_wconf 90' lang='lat' dir='ltr'><strong>et</strong></span> <span class='ocrx_word' id='word_1_76' title='bbox 684 1350 781 1403; x_wconf 88' lang='lat' dir='ltr'><strong>Troiae</strong></span> <span class='ocrx_word' id='word_1_77' title='bbox 795 1349 933 1416; x_wconf 77' lang='lat' dir='ltr'><strong>Cynthius</strong></span> <span class='ocrx_word' id='word_1_78' title='bbox 946 1353 1048 1402; x_wconf 86' lang='lat' dir='ltr'><strong>auctor.</strong></span> 
     </span>
     <span class='ocr_line' id='line_1_14' title="bbox 242 1433 886 1505; baseline 0.005 -20"><span class='ocrx_word' id='word_1_79' title='bbox 242 1434 350 1486; x_wconf 85' lang='lat' dir='ltr'><strong>Invidia</strong></span> <span class='ocrx_word' id='word_1_80' title='bbox 362 1433 459 1486; x_wconf 81' lang='lat' dir='ltr'><strong>infelix</strong></span> <span class='ocrx_word' id='word_1_81' title='bbox 472 1433 569 1488; x_wconf 86' lang='lat' dir='ltr'><strong>Furias</strong></span> <span class='ocrx_word' id='word_1_82' title='bbox 582 1453 746 1505; x_wconf 88' lang='lat' dir='ltr'><strong>amnemque</strong></span> <span class='ocrx_word' id='word_1_83' title='bbox 759 1453 886 1490; x_wconf 87' lang='lat' dir='ltr'><strong>severum</strong></span> 
     </span>
    </p>

    <p class='ocr_par' dir='ltr' id='par_1_7' title="bbox 241 1521 991 1854">
     <span class='ocr_line' id='line_1_15' title="bbox 242 1521 840 1593; baseline 0.005 -18"><span class='ocrx_word' id='word_1_84' title='bbox 242 1521 340 1589; x_wconf 79' lang='lat' dir='ltr'><strong>Cocyti</strong></span> <span class='ocrx_word' id='word_1_85' title='bbox 352 1527 458 1575; x_wconf 91' lang='lat' dir='ltr'><strong>metuet</strong></span> <span class='ocrx_word' id='word_1_86' title='bbox 469 1527 612 1592; x_wconf 91' lang='lat' dir='ltr'><strong>tortosque</strong></span> <span class='ocrx_word' id='word_1_87' title='bbox 625 1525 730 1578; x_wconf 85' lang='lat' dir='ltr'><strong>Ixionis</strong></span> <span class='ocrx_word' id='word_1_88' title='bbox 743 1525 840 1593; x_wconf 88' lang='lat' dir='ltr'><strong>anguis</strong></span> 
     </span>
     <span class='ocr_line' id='line_1_16' title="bbox 241 1608 991 1680; baseline 0.001 -19"><span class='ocrx_word' id='word_1_89' title='bbox 241 1608 447 1678; x_wconf 91' lang='lat' dir='ltr'><strong>Immanemque</strong></span> <span class='ocrx_word' id='word_1_90' title='bbox 460 1615 557 1677; x_wconf 90' lang='lat' dir='ltr'><strong>rotam,</strong></span> <span class='ocrx_word' id='word_1_91' title='bbox 573 1617 600 1664; x_wconf 90' lang='lat' dir='ltr'><strong>et</strong></span> <span class='ocrx_word' id='word_1_92' title='bbox 613 1629 670 1666; x_wconf 93' lang='lat' dir='ltr'><strong>non</strong></span> <span class='ocrx_word' id='word_1_93' title='bbox 683 1611 873 1680; x_wconf 86' lang='lat' dir='ltr'><strong>exsuperabile</strong></span> <span class='ocrx_word' id='word_1_94' title='bbox 886 1627 991 1664; x_wconf 88' lang='lat' dir='ltr'><strong>saxum.</strong></span> 
     </span>
     <span class='ocr_line' id='line_1_17' title="bbox 242 1695 916 1768; baseline 0.003 -19"><span class='ocrx_word' id='word_1_95' title='bbox 242 1695 352 1750; x_wconf 83' lang='lat' dir='ltr'><strong>Interea</strong></span> <span class='ocrx_word' id='word_1_96' title='bbox 363 1695 507 1763; x_wconf 84' lang='lat' dir='ltr'><strong>Dryadum</strong></span> <span class='ocrx_word' id='word_1_97' title='bbox 521 1698 603 1752; x_wconf 90' lang='lat' dir='ltr'><strong>silvas</strong></span> <span class='ocrx_word' id='word_1_98' title='bbox 617 1700 756 1767; x_wconf 84' lang='lat' dir='ltr'><strong>saltusque</strong></span> <span class='ocrx_word' id='word_1_99' title='bbox 769 1715 916 1768; x_wconf 86' lang='lat' dir='ltr'><strong>sequamur</strong></span> 
     </span>
     <span class='ocr_line' id='line_1_18' title="bbox 241 1782 896 1854; baseline 0.008 -19"><span class='ocrx_word' id='word_1_100' title='bbox 241 1782 371 1851; x_wconf 81' lang='lat' dir='ltr'><strong>intactos,</strong></span> <span class='ocrx_word' id='word_1_101' title='bbox 386 1788 441 1852; x_wconf 91' lang='lat' dir='ltr'><strong>tua,</strong></span> <span class='ocrx_word' id='word_1_102' title='bbox 456 1783 608 1854; x_wconf 83' lang='lat' dir='ltr'><strong>Maecenas,</strong></span> <span class='ocrx_word' id='word_1_103' title='bbox 622 1786 697 1840; x_wconf 90' lang='lat' dir='ltr'><strong>haud</strong></span> <span class='ocrx_word' id='word_1_104' title='bbox 711 1786 805 1840; x_wconf 89' lang='lat' dir='ltr'><strong>mollia</strong></span> <span class='ocrx_word' id='word_1_105' title='bbox 816 1786 896 1840; x_wconf 90' lang='lat' dir='ltr'><strong>iussa.</strong></span> 
     </span>
    </p>

    <p class='ocr_par' dir='ltr' id='par_1_8' title="bbox 239 1868 1023 2467">
     <span class='ocr_line' id='line_1_19' title="bbox 241 1868 967 1942; baseline 0 -18"><span class='ocrx_word' id='word_1_106' title='bbox 241 1868 279 1924; x_wconf 75' lang='lat' dir='ltr'><strong>Te</strong></span> <span class='ocrx_word' id='word_1_107' title='bbox 292 1871 350 1923; x_wconf 91' lang='lat' dir='ltr'><strong>sine</strong></span> <span class='ocrx_word' id='word_1_108' title='bbox 363 1870 401 1922; x_wconf 91' lang='lat' dir='ltr'><strong>nil</strong></span> <span class='ocrx_word' id='word_1_109' title='bbox 415 1871 502 1924; x_wconf 89' lang='lat' dir='ltr'><strong>altum</strong></span> <span class='ocrx_word' id='word_1_110' title='bbox 515 1889 593 1926; x_wconf 90' lang='lat' dir='ltr'><strong>mens</strong></span> <span class='ocrx_word' id='word_1_111' title='bbox 605 1875 734 1928; x_wconf 90' lang='lat' dir='ltr'><strong>incohat:</strong></span> <span class='ocrx_word' id='word_1_112' title='bbox 756 1891 791 1927; x_wconf 92' lang='lat' dir='ltr'><strong>en</strong></span> <span class='ocrx_word' id='word_1_113' title='bbox 804 1890 862 1942; x_wconf 83' lang='lat' dir='ltr'><strong>age,</strong></span> <span class='ocrx_word' id='word_1_114' title='bbox 877 1873 967 1940; x_wconf 86' lang='lat' dir='ltr'><strong>segnis</strong></span> 
     </span>
     <span class='ocr_line' id='line_1_20' title="bbox 242 1958 986 2029; baseline 0.001 -19"><span class='ocrx_word' id='word_1_115' title='bbox 242 1958 347 2028; x_wconf 88' lang='lat' dir='ltr'><strong>Rumpe</strong></span> <span class='ocrx_word' id='word_1_116' title='bbox 360 1977 468 2028; x_wconf 87' lang='lat' dir='ltr'><strong>moras;</strong></span> <span class='ocrx_word' id='word_1_117' title='bbox 489 1965 571 2013; x_wconf 85' lang='lat' dir='ltr'><strong>vocat</strong></span> <span class='ocrx_word' id='word_1_118' title='bbox 583 1962 690 2029; x_wconf 87' lang='lat' dir='ltr'><strong>ingenti</strong></span> <span class='ocrx_word' id='word_1_119' title='bbox 704 1961 823 2015; x_wconf 89' lang='lat' dir='ltr'><strong>clamore</strong></span> <span class='ocrx_word' id='word_1_120' title='bbox 837 1960 986 2013; x_wconf 82' lang='lat' dir='ltr'><strong>Cithaeron</strong></span> 
     </span>
     <span class='ocr_line' id='line_1_21' title="bbox 240 2045 1023 2117; baseline -0.001 -19"><span class='ocrx_word' id='word_1_121' title='bbox 240 2045 408 2116; x_wconf 85' lang='lat' dir='ltr'><strong>Taygetique</strong></span> <span class='ocrx_word' id='word_1_122' title='bbox 421 2064 502 2101; x_wconf 88' lang='lat' dir='ltr'><strong>canes</strong></span> <span class='ocrx_word' id='word_1_123' title='bbox 513 2046 701 2117; x_wconf 85' lang='lat' dir='ltr'><strong>domitrixque</strong></span> <span class='ocrx_word' id='word_1_124' title='bbox 714 2048 870 2117; x_wconf 84' lang='lat' dir='ltr'><strong>Epidaurus</strong></span> <span class='ocrx_word' id='word_1_125' title='bbox 882 2063 1023 2115; x_wconf 87' lang='lat' dir='ltr'><strong>equorum,</strong></span> 
     </span>
     <span class='ocr_line' id='line_1_22' title="bbox 240 2134 951 2203; baseline -0.001 -16"><span class='ocrx_word' id='word_1_126' title='bbox 240 2136 276 2188; x_wconf 85' lang='lat' dir='ltr'><strong>Et</strong></span> <span class='ocrx_word' id='word_1_127' title='bbox 288 2153 343 2189; x_wconf 89' lang='lat' dir='ltr'><strong>vox</strong></span> <span class='ocrx_word' id='word_1_128' title='bbox 356 2136 472 2190; x_wconf 88' lang='lat' dir='ltr'><strong>adsensu</strong></span> <span class='ocrx_word' id='word_1_129' title='bbox 485 2152 630 2188; x_wconf 91' lang='lat' dir='ltr'><strong>nemorum</strong></span> <span class='ocrx_word' id='word_1_130' title='bbox 643 2136 812 2203; x_wconf 85' lang='lat' dir='ltr'><strong>ingeminata</strong></span> <span class='ocrx_word' id='word_1_131' title='bbox 824 2134 951 2201; x_wconf 86' lang='lat' dir='ltr'><strong>remugit.</strong></span> 
     </span>
     <span class='ocr_line' id='line_1_23' title="bbox 239 2223 909 2291; baseline -0.006 -13"><span class='ocrx_word' id='word_1_132' title='bbox 239 2223 306 2278; x_wconf 87' lang='lat' dir='ltr'><strong>Mox</strong></span> <span class='ocrx_word' id='word_1_133' title='bbox 318 2229 411 2277; x_wconf 91' lang='lat' dir='ltr'><strong>tamen</strong></span> <span class='ocrx_word' id='word_1_134' title='bbox 424 2223 546 2277; x_wconf 89' lang='lat' dir='ltr'><strong>ardentis</strong></span> <span class='ocrx_word' id='word_1_135' title='bbox 559 2224 685 2290; x_wconf 78' lang='lat' dir='ltr'><strong>accingar</strong></span> <span class='ocrx_word' id='word_1_136' title='bbox 699 2224 790 2278; x_wconf 90' lang='lat' dir='ltr'><strong>dicere</strong></span> <span class='ocrx_word' id='word_1_137' title='bbox 803 2239 909 2291; x_wconf 83' lang='lat' dir='ltr'><strong>pugnas</strong></span> 
     </span>
     <span class='ocr_line' id='line_1_24' title="bbox 241 2308 930 2377; baseline -0.004 -16"><span class='ocrx_word' id='word_1_138' title='bbox 241 2308 372 2377; x_wconf 88' lang='lat' dir='ltr'><strong>Caesaris,</strong></span> <span class='ocrx_word' id='word_1_139' title='bbox 388 2314 416 2361; x_wconf 90' lang='lat' dir='ltr'><strong>et</strong></span> <span class='ocrx_word' id='word_1_140' title='bbox 428 2325 530 2361; x_wconf 91' lang='lat' dir='ltr'><strong>nomen</strong></span> <span class='ocrx_word' id='word_1_141' title='bbox 543 2309 616 2363; x_wconf 86' lang='lat' dir='ltr'><strong>fama</strong></span> <span class='ocrx_word' id='word_1_142' title='bbox 630 2315 672 2362; x_wconf 88' lang='lat' dir='ltr'><strong>tot</strong></span> <span class='ocrx_word' id='word_1_143' title='bbox 685 2309 759 2361; x_wconf 80' lang='lat' dir='ltr'><strong>ferre</strong></span> <span class='ocrx_word' id='word_1_144' title='bbox 773 2325 822 2377; x_wconf 91' lang='lat' dir='ltr'><strong>per</strong></span> <span class='ocrx_word' id='word_1_145' title='bbox 835 2324 930 2374; x_wconf 91' lang='lat' dir='ltr'><strong>annos,</strong></span> 
     </span>
     <span class='ocr_line' id='line_1_25' title="bbox 240 2395 911 2467; baseline -0.001 -18"><span class='ocrx_word' id='word_1_146' title='bbox 240 2397 352 2451; x_wconf 89' lang='lat' dir='ltr'><strong>Tithoni</strong></span> <span class='ocrx_word' id='word_1_147' title='bbox 364 2398 455 2466; x_wconf 89' lang='lat' dir='ltr'><strong>prima</strong></span> <span class='ocrx_word' id='word_1_148' title='bbox 467 2403 533 2467; x_wconf 90' lang='lat' dir='ltr'><strong>quot</strong></span> <span class='ocrx_word' id='word_1_149' title='bbox 547 2399 624 2451; x_wconf 91' lang='lat' dir='ltr'><strong>abest</strong></span> <span class='ocrx_word' id='word_1_150' title='bbox 637 2398 671 2451; x_wconf 91' lang='lat' dir='ltr'><strong>ab</strong></span> <span class='ocrx_word' id='word_1_151' title='bbox 684 2397 789 2464; x_wconf 85' lang='lat' dir='ltr'><strong>origine</strong></span> <span class='ocrx_word' id='word_1_152' title='bbox 803 2395 911 2448; x_wconf 87' lang='lat' dir='ltr'><strong>Caesar.</strong></span> 
     </span>
    </p>

    <p class='ocr_par' dir='ltr' id='par_1_9' title="bbox 237 2481 1010 3162">
     <span class='ocr_line' id='line_1_26' title="bbox 275 2481 995 2553; baseline -0.006 -16"><span class='ocrx_word' id='word_1_153' title='bbox 275 2484 329 2537; x_wconf 86' lang='lat' dir='ltr'><strong>Seu</strong></span> <span class='ocrx_word' id='word_1_154' title='bbox 343 2484 411 2553; x_wconf 89' lang='lat' dir='ltr'><strong>quis,</strong></span> <span class='ocrx_word' id='word_1_155' title='bbox 426 2484 604 2552; x_wconf 75' lang='lat' dir='ltr'><strong>Olympiacae</strong></span> <span class='ocrx_word' id='word_1_156' title='bbox 617 2485 732 2537; x_wconf 89' lang='lat' dir='ltr'><strong>miratus</strong></span> <span class='ocrx_word' id='word_1_157' title='bbox 745 2482 868 2551; x_wconf 91' lang='lat' dir='ltr'><strong>praemia</strong></span> <span class='ocrx_word' id='word_1_158' title='bbox 880 2481 995 2549; x_wconf 86' lang='lat' dir='ltr'><strong>palmae,</strong></span> 
     </span>
     <span class='ocr_line' id='line_1_27' title="bbox 239 2570 968 2640; baseline -0.004 -16"><span class='ocrx_word' id='word_1_159' title='bbox 239 2570 331 2624; x_wconf 90' lang='lat' dir='ltr'><strong>Pascit</strong></span> <span class='ocrx_word' id='word_1_160' title='bbox 343 2588 434 2640; x_wconf 90' lang='lat' dir='ltr'><strong>equos,</strong></span> <span class='ocrx_word' id='word_1_161' title='bbox 450 2588 497 2624; x_wconf 90' lang='lat' dir='ltr'><strong>seu</strong></span> <span class='ocrx_word' id='word_1_162' title='bbox 511 2572 571 2640; x_wconf 88' lang='lat' dir='ltr'><strong>quis</strong></span> <span class='ocrx_word' id='word_1_163' title='bbox 583 2572 665 2625; x_wconf 84' lang='lat' dir='ltr'><strong>fortis</strong></span> <span class='ocrx_word' id='word_1_164' title='bbox 678 2571 712 2624; x_wconf 91' lang='lat' dir='ltr'><strong>ad</strong></span> <span class='ocrx_word' id='word_1_165' title='bbox 725 2577 817 2624; x_wconf 89' lang='lat' dir='ltr'><strong>aratra</strong></span> <span class='ocrx_word' id='word_1_166' title='bbox 829 2570 968 2634; x_wconf 86' lang='lat' dir='ltr'><strong>iuvencos,</strong></span> 
     </span>
     <span class='ocr_line' id='line_1_28' title="bbox 239 2657 1010 2727; baseline -0.005 -16"><span class='ocrx_word' id='word_1_167' title='bbox 239 2657 364 2727; x_wconf 90' lang='lat' dir='ltr'><strong>Corpora</strong></span> <span class='ocrx_word' id='word_1_168' title='bbox 375 2659 521 2727; x_wconf 91' lang='lat' dir='ltr'><strong>praecipue</strong></span> <span class='ocrx_word' id='word_1_169' title='bbox 534 2663 653 2712; x_wconf 89' lang='lat' dir='ltr'><strong>matrum</strong></span> <span class='ocrx_word' id='word_1_170' title='bbox 667 2658 748 2726; x_wconf 84' lang='lat' dir='ltr'><strong>legat.</strong></span> <span class='ocrx_word' id='word_1_171' title='bbox 788 2657 901 2724; x_wconf 90' lang='lat' dir='ltr'><strong>Optima</strong></span> <span class='ocrx_word' id='word_1_172' title='bbox 912 2661 1010 2708; x_wconf 88' lang='lat' dir='ltr'><strong>torvae</strong></span> 
     </span>
     <span class='ocr_line' id='line_1_29' title="bbox 239 2742 1000 2814; baseline -0.005 -18"><span class='ocrx_word' id='word_1_173' title='bbox 239 2743 340 2798; x_wconf 86' lang='lat' dir='ltr'><strong>Forma</strong></span> <span class='ocrx_word' id='word_1_174' title='bbox 352 2746 438 2812; x_wconf 75' lang='lat' dir='ltr'><strong>bovis,</strong></span> <span class='ocrx_word' id='word_1_175' title='bbox 453 2745 497 2800; x_wconf 90' lang='lat' dir='ltr'><strong>oui</strong></span> <span class='ocrx_word' id='word_1_176' title='bbox 509 2751 590 2814; x_wconf 87' lang='lat' dir='ltr'><strong>turpe</strong></span> <span class='ocrx_word' id='word_1_177' title='bbox 603 2751 693 2814; x_wconf 90' lang='lat' dir='ltr'><strong>caput,</strong></span> <span class='ocrx_word' id='word_1_178' title='bbox 709 2747 754 2798; x_wconf 90' lang='lat' dir='ltr'><strong>cui</strong></span> <span class='ocrx_word' id='word_1_179' title='bbox 768 2744 887 2812; x_wconf 91' lang='lat' dir='ltr'><strong>plurima</strong></span> <span class='ocrx_word' id='word_1_180' title='bbox 899 2742 1000 2806; x_wconf 89' lang='lat' dir='ltr'><strong>cervix,</strong></span> 
     </span>
     <span class='ocr_line' id='line_1_30' title="bbox 238 2831 910 2900; baseline -0.003 -16"><span class='ocrx_word' id='word_1_181' title='bbox 238 2831 274 2884; x_wconf 84' lang='lat' dir='ltr'><strong>&#39;Et</strong></span> <span class='ocrx_word' id='word_1_182' title='bbox 287 2849 397 2885; x_wconf 89' lang='lat' dir='ltr'><strong>crurum</strong></span> <span class='ocrx_word' id='word_1_183' title='bbox 410 2839 491 2886; x_wconf 88' lang='lat' dir='ltr'><strong>tenus</strong></span> <span class='ocrx_word' id='word_1_184' title='bbox 503 2849 520 2886; x_wconf 93' lang='lat' dir='ltr'><strong>a</strong></span> <span class='ocrx_word' id='word_1_185' title='bbox 532 2837 626 2887; x_wconf 90' lang='lat' dir='ltr'><strong>mento</strong></span> <span class='ocrx_word' id='word_1_186' title='bbox 639 2832 759 2900; x_wconf 88' lang='lat' dir='ltr'><strong>palearia</strong></span> <span class='ocrx_word' id='word_1_187' title='bbox 774 2831 910 2900; x_wconf 82' lang='lat' dir='ltr'><strong>pendent3</strong></span> 
     </span>
     <span class='ocr_line' id='line_1_31' title="bbox 238 2918 961 2987; baseline 0 -17"><span class='ocrx_word' id='word_1_188' title='bbox 238 2918 307 2971; x_wconf 88' lang='lat' dir='ltr'><strong>Tum</strong></span> <span class='ocrx_word' id='word_1_189' title='bbox 320 2919 404 2987; x_wconf 85' lang='lat' dir='ltr'><strong>longo</strong></span> <span class='ocrx_word' id='word_1_190' title='bbox 416 2919 507 2972; x_wconf 93' lang='lat' dir='ltr'><strong>nullus</strong></span> <span class='ocrx_word' id='word_1_191' title='bbox 519 2919 599 2972; x_wconf 90' lang='lat' dir='ltr'><strong>lateri</strong></span> <span class='ocrx_word' id='word_1_192' title='bbox 611 2920 723 2985; x_wconf 91' lang='lat' dir='ltr'><strong>modus;</strong></span> <span class='ocrx_word' id='word_1_193' title='bbox 746 2919 840 2972; x_wconf 88' lang='lat' dir='ltr'><strong>omnia</strong></span> <span class='ocrx_word' id='word_1_194' title='bbox 852 2933 961 2984; x_wconf 86' lang='lat' dir='ltr'><strong>magna,</strong></span> 
     </span>
     <span class='ocr_line' id='line_1_32' title="bbox 237 3006 990 3073; baseline -0.004 -15"><span class='ocrx_word' id='word_1_195' title='bbox 237 3006 290 3059; x_wconf 91' lang='lat' dir='ltr'><strong>Pes</strong></span> <span class='ocrx_word' id='word_1_196' title='bbox 303 3007 400 3073; x_wconf 73' lang='lat' dir='ltr'><strong>etiam,</strong></span> <span class='ocrx_word' id='word_1_197' title='bbox 421 3013 450 3060; x_wconf 89' lang='lat' dir='ltr'><strong>et</strong></span> <span class='ocrx_word' id='word_1_198' title='bbox 462 3007 580 3060; x_wconf 88' lang='lat' dir='ltr'><strong>camuris</strong></span> <span class='ocrx_word' id='word_1_199' title='bbox 593 3007 682 3061; x_wconf 87' lang='lat' dir='ltr'><strong>hirtae</strong></span> <span class='ocrx_word' id='word_1_200' title='bbox 696 3006 745 3059; x_wconf 91' lang='lat' dir='ltr'><strong>sub</strong></span> <span class='ocrx_word' id='word_1_201' title='bbox 759 3006 889 3059; x_wconf 91' lang='lat' dir='ltr'><strong>cornibus</strong></span> <span class='ocrx_word' id='word_1_202' title='bbox 902 3020 990 3058; x_wconf 86' lang='lat' dir='ltr'><strong>aures.</strong></span> 
     </span>
     <span class='ocr_line' id='line_1_33' title="bbox 238 3091 913 3162; baseline -0.003 -16"><span class='ocrx_word' id='word_1_203' title='bbox 238 3091 266 3146; x_wconf 90' lang='lat' dir='ltr'>N</span> <span class='ocrx_word' id='word_1_204' title='bbox 267 3110 297 3146; x_wconf 90' lang='lat' dir='ltr'><strong>ec</strong></span> <span class='ocrx_word' id='word_1_205' title='bbox 309 3094 377 3146; x_wconf 90' lang='lat' dir='ltr'><strong>mihi</strong></span> <span class='ocrx_word' id='word_1_206' title='bbox 390 3094 533 3162; x_wconf 89' lang='lat' dir='ltr'><strong>displiceat</strong></span> <span class='ocrx_word' id='word_1_207' title='bbox 545 3094 659 3147; x_wconf 89' lang='lat' dir='ltr'><strong>maculis</strong></span> <span class='ocrx_word' id='word_1_208' title='bbox 673 3093 787 3160; x_wconf 82' lang='lat' dir='ltr'><strong>insignis</strong></span> <span class='ocrx_word' id='word_1_209' title='bbox 801 3099 829 3144; x_wconf 87' lang='lat' dir='ltr'><strong>ct</strong></span> <span class='ocrx_word' id='word_1_210' title='bbox 841 3091 913 3159; x_wconf 91' lang='lat' dir='ltr'><strong>albo,</strong></span> 
     </span>
    </p>

    <p class='ocr_par' dir='ltr' id='par_1_10' title="bbox 238 3179 965 3336">
     <span class='ocr_line' id='line_1_34' title="bbox 240 3179 965 3248; baseline -0.004 -15"><span class='ocrx_word' id='word_1_211' title='bbox 240 3179 297 3233; x_wconf 91' lang='lat' dir='ltr'><strong>Aut</strong></span> <span class='ocrx_word' id='word_1_212' title='bbox 308 3181 372 3247; x_wconf 81' lang='lat' dir='ltr'><strong>iuga</strong></span> <span class='ocrx_word' id='word_1_213' title='bbox 384 3181 541 3235; x_wconf 89' lang='lat' dir='ltr'><strong>detrectans</strong></span> <span class='ocrx_word' id='word_1_214' title='bbox 552 3181 747 3248; x_wconf 90' lang='lat' dir='ltr'><strong>interdumque</strong></span> <span class='ocrx_word' id='word_1_215' title='bbox 761 3196 857 3245; x_wconf 88' lang='lat' dir='ltr'><strong>aspera</strong></span> <span class='ocrx_word' id='word_1_216' title='bbox 870 3194 965 3244; x_wconf 90' lang='lat' dir='ltr'><strong>cornu,</strong></span> 
     </span>
     <span class='ocr_line' id='line_1_35' title="bbox 238 3265 927 3336; baseline -0.003 -16"><span class='ocrx_word' id='word_1_217' title='bbox 238 3265 274 3321; x_wconf 83' lang='lat' dir='ltr'><strong>Et</strong></span> <span class='ocrx_word' id='word_1_218' title='bbox 286 3268 383 3321; x_wconf 85' lang='lat' dir='ltr'><strong>faciem</strong></span> <span class='ocrx_word' id='word_1_219' title='bbox 397 3273 476 3322; x_wconf 90' lang='lat' dir='ltr'><strong>tauro</strong></span> <span class='ocrx_word' id='word_1_220' title='bbox 489 3269 609 3336; x_wconf 89' lang='lat' dir='ltr'><strong>propior,</strong></span> <span class='ocrx_word' id='word_1_221' title='bbox 625 3284 748 3336; x_wconf 91' lang='lat' dir='ltr'><strong>quaeque</strong></span> <span class='ocrx_word' id='word_1_222' title='bbox 761 3267 846 3320; x_wconf 91' lang='lat' dir='ltr'><strong>ardua</strong></span> <span class='ocrx_word' id='word_1_223' title='bbox 858 3271 927 3334; x_wconf 90' lang='lat' dir='ltr'><strong>tota,</strong></span> 
     </span>
    </p>

    <p class='ocr_par' dir='ltr' id='par_1_11' title="bbox 238 3352 815 3422">
     <span class='ocr_line' id='line_1_36' title="bbox 238 3352 815 3422; baseline 0 -15"><span class='ocrx_word' id='word_1_224' title='bbox 238 3352 274 3407; x_wconf 89' lang='lat' dir='ltr'><strong>Et</strong></span> <span class='ocrx_word' id='word_1_225' title='bbox 286 3355 414 3421; x_wconf 85' lang='lat' dir='ltr'><strong>gradiens</strong></span> <span class='ocrx_word' id='word_1_226' title='bbox 425 3355 481 3408; x_wconf 90' lang='lat' dir='ltr'><strong>ima</strong></span> <span class='ocrx_word' id='word_1_227' title='bbox 493 3355 579 3408; x_wconf 90' lang='lat' dir='ltr'><strong>verrit</strong></span> <span class='ocrx_word' id='word_1_228' title='bbox 593 3355 708 3422; x_wconf 83' lang='lat' dir='ltr'><strong>vestigia</strong></span> <span class='ocrx_word' id='word_1_229' title='bbox 720 3354 815 3407; x_wconf 88' lang='lat' dir='ltr'><strong>cauda.</strong></span> 
     </span>
    </p>

    <p class='ocr_par' dir='ltr' id='par_1_12' title="bbox 239 3441 982 3596">
     <span class='ocr_line' id='line_1_37' title="bbox 239 3441 871 3509; baseline 0.002 -17"><span class='ocrx_word' id='word_1_230' title='bbox 239 3441 324 3494; x_wconf 83' lang='lat' dir='ltr'><strong>Aetas</strong></span> <span class='ocrx_word' id='word_1_231' title='bbox 337 3441 466 3494; x_wconf 88' lang='lat' dir='ltr'><strong>Lucinam</strong></span> <span class='ocrx_word' id='word_1_232' title='bbox 480 3442 619 3508; x_wconf 88' lang='lat' dir='ltr'><strong>iustosque</strong></span> <span class='ocrx_word' id='word_1_233' title='bbox 631 3442 687 3509; x_wconf 90' lang='lat' dir='ltr'><strong>pati</strong></span> <span class='ocrx_word' id='word_1_234' title='bbox 702 3441 871 3507; x_wconf 88' lang='lat' dir='ltr'><strong>hymenaeos</strong></span> 
     </span>
     <span class='ocr_line' id='line_1_38' title="bbox 240 3525 982 3596; baseline -0.004 -15"><span class='ocrx_word' id='word_1_235' title='bbox 240 3525 346 3582; x_wconf 85' lang='lat' dir='ltr'><strong>Desinit</strong></span> <span class='ocrx_word' id='word_1_236' title='bbox 359 3534 423 3580; x_wconf 91' lang='lat' dir='ltr'><strong>ante</strong></span> <span class='ocrx_word' id='word_1_237' title='bbox 436 3527 539 3596; x_wconf 90' lang='lat' dir='ltr'><strong>decem,</strong></span> <span class='ocrx_word' id='word_1_238' title='bbox 554 3533 617 3594; x_wconf 86' lang='lat' dir='ltr'><strong>post</strong></span> <span class='ocrx_word' id='word_1_239' title='bbox 630 3533 760 3595; x_wconf 89' lang='lat' dir='ltr'><strong>quattuor</strong></span> <span class='ocrx_word' id='word_1_240' title='bbox 774 3526 870 3594; x_wconf 88' lang='lat' dir='ltr'><strong>incipit</strong></span> <span class='ocrx_word' id='word_1_241' title='bbox 883 3541 982 3591; x_wconf 85' lang='lat' dir='ltr'><strong>annos;</strong></span> 
     </span>
    </p>
   </div>
   <div class='ocr_carea' id='block_1_6' title="bbox 0 0 1372 3936">
    <p class='ocr_par' dir='ltr' id='par_1_13' title="bbox 0 0 1372 3936">
     <span class='ocr_line' id='line_1_39' title="bbox 0 0 1372 3936; baseline 0 2"><span class='ocrx_word' id='word_1_242' title='bbox 0 0 1372 3936; x_wconf 95' lang='lat' dir='ltr'><strong> </strong></span> 
     </span>
    </p>
   </div>
  </div>
 </body>
</html>
