2656 3940
514 237 652 287 vamum
675 234 841 284 nnnnloos
862 233 906 282 XI.

204 402 258 456 Sed
269 402 347 455 laxos
360 400 483 454 referunt
496 400 598 452 umeris
610 397 804 465 languentibus
817 411 904 460 arcus,

204 488 475 558 Quadrupedumque
487 493 596 555 putrem
611 502 692 538 eursu
705 484 795 553 quatit
808 482 911 551 ungula
922 498 1060 550 campum.

204 578 335 632 Volvitur
348 575 382 629 ad
397 591 490 627 muros
502 573 618 642 caligine
630 573 758 625 turbidus
770 581 831 624 atra

203 664 305 731 Pulvis,
321 671 348 716 et
361 679 377 715 e
390 662 508 730 speculis
520 676 665 728 percussae
677 667 791 727 pectora
803 663 907 711 matres

203 752 362 804 Femineum
378 750 528 803 clamorem
541 747 573 800 ad
588 746 657 800 caeli
671 746 760 798 sidera
772 744 882 798 tollunt.

203 839 257 902 oui
271 854 351 891 cursu
365 843 460 904 portas
473 835 556 904 primi
569 836 699 901 inrupere
712 831 840 901 patentis,

205 925 262 978 llos
273 924 385 977 inimica
397 940 479 990 super
491 923 580 974 mixto
593 921 696 988 premit
709 918 818 986 agmine
829 919 928 983 turba3

203 1011 262 1065 Nec
274 1013 402 1065 miseram
416 1010 553 1077 effugiunt
568 1013 693 1074 mortem,
711 1006 758 1059 sed
773 1005 868 1058 limine
879 1006 908 1058 in
920 1005 982 1073 ipso

203 1099 347 1153 Moenibus
359 1100 388 1152 in
400 1099 498 1166 patriis
510 1103 592 1164 atque
604 1096 678 1147 inter
690 1098 752 1146 tuta
764 1093 908 1146 domorum

203 1187 313 1241 Oonfixi
326 1187 467 1255 exspirant
480 1185 593 1238 animas.
632 1181 700 1235 Pars
716 1180 842 1234 claudere
855 1184 962 1248 portas:

203 1275 262 1329 Nec
275 1275 356 1328 sociis
368 1275 475 1342 aperire
488 1274 569 1338 viam,
585 1289 637 1325 nec
650 1271 796 1324 moenibus
809 1267 910 1322 audent

202 1347 337 1431 Accipere
350 1361 468 1428 orantis,
489 1361 632 1428 oriturque
647 1358 799 1411 miserrima
812 1354 909 1409 caedes

202 1450 407 1504 Defendentum
420 1449 504 1502 annis
516 1447 612 1514 aditus,
629 1447 712 1515 inque
725 1439 802 1499 arma
815 1447 952 1496 ruentum.

202 1537 312 1590 Exclusi
325 1543 390 1590 ante
403 1537 499 1590 oculos
511 1535 757 1602 lacrimantumque
772 1549 821 1586 ora
833 1537 978 1600 parentum

201 1625 271 1678 Pars
283 1626 312 1677 in
325 1623 484 1692 praecipitis
495 1623 582 1676 fossas
594 1632 711 1690 urgente
724 1621 805 1674 ruina

202 1709 342 1776 Volvitur,
356 1709 486 1762 immissis
498 1725 563 1776 pars
575 1725 655 1761 caeca
668 1713 697 1760 et
709 1707 819 1760 concita
833 1705 919 1758 frenis

203 1797 312 1849 Arietat
325 1798 353 1849 in
366 1802 461 1864 portas
472 1805 500 1849 et
514 1796 598 1848 duros
610 1795 688 1848 obice
701 1796 795 1863 [restis.

202 1884 281 1952 Ipsae
294 1883 329 1936 dc
341 1885 427 1936 muris
440 1901 547 1937 summo
559 1883 709 1936 certamine
721 1889 871 1949 matres-

202 1970 338 2024 Monstrat
352 1988 429 2024 amor
443 1986 522 2024 verus
534 1971 640 2039 patriae
654 1977 684 2023 ut
697 1970 792 2024 videre
805 1969 988 2024 Oamillam—

202 2058 267 2112 Tela
278 2075 361 2112 manu
375 2059 497 2127 trepidae
510 2059 621 2124 iaciunt,
637 2075 668 2112 ac
680 2058 780 2111 robore
792 2057 870 2126 duro,

202 2146 347 2214 Stipitibus
359 2146 464 2198 ferrum
478 2144 644 2213 sudibusque
656 2145 802 2198 imitantur
813 2145 918 2200 obustis

201 2232 376 2302 Praecipites,
391 2234 550 2302 primaeque
561 2233 632 2286 mon'
646 2250 698 2301 pro
712 2234 856 2288 moenibus
869 2234 976 2288 ardent.

237 2321 347 2374 Interea
360 2321 480 2373 Turnum
493 2321 523 2372 in
536 2321 611 2373 silvis
625 2321 798 2375 saevissimus
812 2321 910 2391 implet

202 2407 330 2474 Nuntius,
345 2414 374 2461 et
387 2409 480 2461 iuveni
492 2410 633 2475 ingentem
648 2408 702 2460 fert
718 2409 791 2462 Acca
804 2409 970 2462 tumultum:

169 2513 172 2519 ·
202 2495 313 2548 Deletae
326 2495 492 2548 Volscorum
505 2495 583 2561 acies,
598 2495 726 2550 cecidisse
737 2497 889 2565 Camillam,

201 2581 332 2649 ingruere
344 2581 465 2635 infensos
478 2582 571 2647 hostis,
587 2588 615 2636 et
627 2583 716 2638 Marte
729 2585 849 2639 secundo

202 2667 302 2722 Omnia
315 2669 488 2736 corripuisse,
503 2677 608 2722 metum
621 2670 675 2723 iarn
690 2672 725 2724 ad
738 2673 848 2726 moenia
860 2671 935 2725 ferri.

201 2755 251 2808 llle
263 2756 424 2808 furens-et
436 2773 518 2810 saeva
530 2757 603 2810 Iovis
615 2759 653 2811 sic
666 2760 780 2813 numina
792 2764 945 2828 poscunt-

201 2843 310 2896 Deserit
323 2844 448 2896 obsessos
461 2844 545 2910 collis,
561 2862 673 2899 nemora
687 2863 784 2915 aspera
796 2847 904 2916 linquit.

202 2930 258 2982 Vix
271 2947 286 2983 e
299 2936 448 2997 conspectu
461 2931 566 2984 exierat
580 2949 760 3002 campumque
772 2935 893 3000 tenebat,

202 3018 271 3070 Cum
285 3024 362 3084 pater
375 3017 491 3084 Aeneas,
507 3020 593 3072 saltus
605 3021 742 3088 ingressus
755 3027 873 3089 apertae,

200 3104 408 3173 Exsuperatque
420 3107 514 3172 iugum
530 3108 653 3175 silvaque
666 3107 758 3162 evadit
771 3126 866 3177 opaea.

202 3191 246 3243 Sic
259 3192 340 3245 ambo
353 3191 387 3246 ad
401 3210 494 3246 muros
508 3194 597 3262 rapidi
610 3201 724 3263 totoque
737 3197 864 3248 feruntur

203 3278 329 3344 Agmine,
344 3296 394 3333 nec
406 3280 496 3348 longis
510 3281 583 3333 inter
596 3298 624 3333 se
638 3282 762 3348 passibus
775 3283 882 3349 absunt,

204 3365 244 3417 Ao
258 3365 339 3417 simul
352 3366 461 3419 Aeneas
474 3368 606 3420 fumantis
619 3369 731 3435 pulvere
745 3386 857 3437 campos

202 3449 348 3516 Prospexit
361 3451 442 3516 longe
454 3453 656 3521 Laurentiaque
670 3456 779 3520 agmina
792 3456 868 3519 vidit,
1010 3521 1012 3528 y

202 3534 239 3587 Et
252 3551 363 3588 saevum
378 3537 491 3589 Aenean
505 3540 617 3605 agnovit
631 3540 739 3595 Turnus
752 3544 780 3596 in
794 3543 878 3596 armis
920 3523 923 3530 ‚
