2656 3940
434 229 573 279 vulturni
597 229 761 280 Aruernus
784 229 827 281 xl.

121 391 238 460 Arguet,
252 391 338 448 lliaee
349 391 486 444 tumidum
500 392 547 460 qui
559 409 682 446 crescere
694 392 830 460 Thybrim
931 461 934 466 1

118 477 262 545 Sanguine
274 482 302 531 et
314 477 436 530 Euandri
447 483 535 532 totum
549 494 610 531 oum
625 479 710 548 stirpe
727 478 832 532 videbit

117 565 305 619 Proeubuisse
317 565 437 633 domum,
453 571 535 633 atque
548 571 646 619 exutos
660 565 783 620 Arcadas
793 567 894 620 armis?

117 652 204 705 Haud
217 653 258 706 ita
270 669 314 706 me
327 652 434 720 experti
447 651 535 705 Bitias
547 659 575 706 et
588 653 731 707 Pandarus
742 654 846 721 ingens,

117 739 157 792 Et
171 756 239 808 quos
250 739 326 793 mille
338 740 383 793 die
397 740 484 794 vietor
496 741 547 793 snb
560 741 674 795 Tartara
685 742 747 794 misi

37 823 42 843 '
117 826 249 880 Inclusus
261 827 346 880 muris
359 827 507 896 hostilique
519 844 619 897 aggere
633 834 751 898 saeptus.

121 913 224 968 ‘Nulla
236 914 309 967 salus
321 913 412 968 bello’
450 914 541 984 Oapiti
554 931 623 969 eane
636 914 711 984 talia,
725 915 846 981 demens,

118 1001 265 1054 Dardanio
277 1002 412 1070 rebusque
424 1003 487 1056 tuis.
525 1002 647 1056 Proinde
660 1003 754 1057 omnia
765 1018 866 1072 magno

118 1087 167 1141 Ne
179 1103 255 1142 cessa
266 1089 378 1142 turbare
392 1095 474 1158 metu,
489 1095 571 1158 atque
584 1089 717 1144 extollere
730 1091 797 1143 viris

119 1175 223 1228 Gentis
234 1175 277 1228 bis
289 1176 386 1244 victae,
401 1181 497 1230 contra
510 1193 635 1245 premere
647 1193 725 1231 arma
737 1177 837 1231 Latini.

119 1262 206 1316 Nunc
219 1268 247 1316 et
261 1262 465 1330 Myrmidonum
478 1281 607 1333 proceres
619 1264 741 1333 Phrygia
754 1281 830 1320 arma
842 1271 1010 1320 tremescunt

119 1348 149 1402 N
150 1365 206 1402 unc
220 1354 248 1402 et
260 1348 380 1416 Tydides
392 1357 420 1404 et
436 1351 580 1406 Larisaeus
593 1352 724 1421 Achilles,

120 1437 224 1489 Amnis
238 1444 266 1490 et
279 1437 429 1491 Hadriacas
441 1446 517 1492 retro
530 1440 602 1508 fugit
614 1440 732 1493 Aufidus
744 1440 839 1494 undas.

121 1521 176 1574 Vel
191 1539 253 1576 cum
268 1539 296 1575 se
309 1523 440 1590 pavidum
454 1529 550 1578 contra
562 1541 623 1578 mea
635 1525 723 1593 iurgia
734 1525 813 1593 fingit

121 1609 247 1663 Artificis
259 1610 355 1678 scelus,
370 1617 398 1665 et
410 1612 556 1666 formidine
569 1613 673 1666 crimen
687 1613 805 1667 acerbat.

119 1698 282 1766 Numquam
295 1699 414 1752 animam
425 1699 507 1753 talem
520 1699 619 1754 dextra
631 1700 820 1754 huo—absiste
833 1701 973 1753 moveri-

120 1786 260 1850 Amittes3
283 1785 389 1840 habitet
400 1791 499 1855 tecum,
515 1795 542 1841 et
556 1788 591 1840 sit
602 1793 714 1855 pectore
725 1788 756 1840 in
767 1789 830 1841 isto.

119 1873 204 1928 Nune
218 1873 252 1927 ad
265 1879 302 1942 te,
317 1879 345 1927 et
357 1880 405 1928 tua
417 1891 523 1943 magna,
537 1881 625 1943 pater,
639 1874 765 1929 consulta
777 1882 909 1930 revertor.

120 1963 150 2016 Si
163 1962 271 2015 nullam
282 1963 386 2015 nostris
399 1962 471 2016 ultra
483 1979 560 2031 spem
576 1964 656 2031 ponis
668 1963 698 2015 in
711 1963 802 2029 armis,

120 2051 150 2105 Si
163 2058 223 2106 tarn
236 2051 338 2128 deserti
351 2069 452 2120 sumus,
467 2056 495 2105 et
508 2051 592 2105 semel
605 2051 713 2119 agmine
726 2065 806 2103 verso

119 2138 258 2192 Funditus
271 2140 426 2207 occidimur,
441 2155 530 2207 neque
541 2138 627 2192 habet
639 2137 763 2190 Fortuna
774 2153 938 2205 regressum,

120 2225 242 2280 Oremus
255 2244 358 2296 pacem,
373 2236 402 2281 et
414 2227 525 2280 dextras
538 2225 683 2280 tendamus
695 2225 799 2278 inertis.

121 2313 306 2382 Quamquam,
322 2314 373 2368 osi
387 2314 483 2368 solitae
496 2314 641 2381 quicquam
654 2311 766 2365 virtutis
778 2311 886 2366 adesset

119 2399 171 2455 Ille
183 2401 255 2454 mihi
269 2407 332 2455 ante
346 2402 413 2456 alios
425 2403 636 2468 fortunatusque
648 2399 774 2453 laborum

118 2488 310 2557 Egregiusque
322 2489 415 2557 animi,
430 2489 484 2557 qui,
499 2504 534 2541 ne
548 2486 614 2556 quid
627 2486 682 2540 tale
695 2487 808 2555 videret,

118 2576 276 2630 Procubuit
288 2576 416 2640 moriens,
431 2582 459 2628 et
473 2576 586 2628 humum
602 2573 685 2628 semel
698 2590 746 2627 ore
759 2573 917 2627 momordit.

119 2663 167 2717 Sin
181 2669 212 2718 et
224 2680 290 2732 opes
301 2664 382 2718 nobis
395 2669 423 2717 et
435 2664 525 2718 adhuc
537 2663 792 2736 intacta-iuventus,

119 2751 291 2820 Auxilioque
303 2753 385 2806 urbes
398 2751 484 2805 Italae
496 2750 646 2821 populique
659 2755 812 2819 supersunt,

118 2837 166 2890 Sin
180 2845 210 2891 et
223 2837 349 2891 Troianis
361 2855 424 2892 curn
436 2837 524 2890 multe
537 2837 624 2906 gloria
636 2837 713 2890 venit

118 2925 361 2994 Sanguine-sunt
373 2925 427 2978 illis
439 2941 488 2978 sua
500 2925 605 2992 funera,
619 2941 724 2993 parque
736 2923 888 2992 peremnis

118 3011 365 3081 Tempestas-cnr
377 3011 520 3065 indecores
531 3012 561 3064 in
572 3011 667 3065 limine
680 3012 770 3081 primo

118 3099 290 3154 Definimus?
310 3116 359 3153 cur
372 3105 437 3153 ante
450 3100 546 3153 tubam
558 3105 664 3152 tremor
677 3103 795 3167 occupat
808 3099 904 3151 urtust

119 3188 208 3242 Multa
218 3188 278 3242 dies
292 3188 415 3256 variique
428 3186 508 3240 labor
519 3186 659 3241 mutabilis
672 3186 733 3240 aevi

119 3275 238 3330 Rettulit
249 3276 279 3328 in
292 3275 407 3341 melius3
428 3274 530 3328 multos
543 3274 649 3328 alteros
661 3273 784 3326 revisens

118 3361 195 3417 Lusit
208 3363 275 3416 etin
289 3362 380 3416 solido
393 3377 488 3414 rursus
500 3361 625 3414 Fortuna
636 3360 748 3414 locavit.

117 3449 181 3504 Non
195 3451 248 3504 erit
259 3449 365 3505 auxilio
378 3449 460 3502 nobis
474 3449 590 3502 Aetolus
604 3453 632 3500 et
645 3447 731 3515 Arpi:

117 3537 157 3591 At
168 3538 311 3608 Messapus
324 3537 387 3604 erit,
402 3535 523 3605 felixque
536 3534 704 3601 Tolumnius,
720 3538 748 3586 et
760 3549 829 3602 quos
