<?xml version="1.0" encoding="UTF-8"?>
<!DOCTYPE html PUBLIC "-//W3C//DTD XHTML 1.0 Transitional//EN"
    "http://www.w3.org/TR/xhtml1/DTD/xhtml1-transitional.dtd">
<html xmlns="http://www.w3.org/1999/xhtml" xml:lang="en" lang="en">
 <head>
  <title>
</title>
<meta http-equiv="Content-Type" content="text/html;charset=utf-8" />
  <meta name='ocr-system' content='tesseract 3.04.00' />
  <meta name='ocr-capabilities' content='ocr_page ocr_carea ocr_par ocr_line ocrx_word'/>
</head>
<body>
  <div class='ocr_page' id='page_1' title='image "./arevisedtextpoe00virggoog_0395.png"; bbox 0 0 2668 3942; ppageno 0'>
   <div class='ocr_carea' id='block_1_1' title="bbox 404 221 808 299">
    <p class='ocr_par' dir='ltr' id='par_1_1' title="bbox 404 221 808 299">
     <span class='ocr_line' id='line_1_1' title="bbox 404 221 808 299; baseline 0.01 -4"><span class='ocrx_word' id='word_1_1' title='bbox 404 245 542 296; x_wconf 81' lang='lat' dir='ltr'><strong>vuacrnr</strong></span> <span class='ocrx_word' id='word_1_2' title='bbox 564 221 729 298; x_wconf 76' lang='lat' dir='ltr'><strong>arsames</strong></span> <span class='ocrx_word' id='word_1_3' title='bbox 751 249 808 299; x_wconf 86' lang='lat' dir='ltr'><strong>xn.</strong></span> 
     </span>
    </p>
   </div>
   <div class='ocr_carea' id='block_1_2' title="bbox 87 407 971 3632">
    <p class='ocr_par' dir='ltr' id='par_1_2' title="bbox 87 407 910 1176">
     <span class='ocr_line' id='line_1_2' title="bbox 87 407 738 479; baseline 0.006 -19"><span class='ocrx_word' id='word_1_4' title='bbox 87 407 278 477; x_wconf 81' lang='lat' dir='ltr'><strong>Exsultatque</strong></span> <span class='ocrx_word' id='word_1_5' title='bbox 291 409 358 475; x_wconf 84' lang='lat' dir='ltr'><strong>eolo,</strong></span> <span class='ocrx_word' id='word_1_6' title='bbox 374 407 457 463; x_wconf 84' lang='lat' dir='ltr'><strong>silvae</strong></span> <span class='ocrx_word' id='word_1_7' title='bbox 469 415 596 464; x_wconf 85' lang='lat' dir='ltr'><strong>armenta</strong></span> <span class='ocrx_word' id='word_1_8' title='bbox 608 411 738 479; x_wconf 88' lang='lat' dir='ltr'><strong>virosque</strong></span> 
     </span>
     <span class='ocr_line' id='line_1_3' title="bbox 87 494 808 565; baseline 0.006 -18"><span class='ocrx_word' id='word_1_9' title='bbox 87 494 242 549; x_wconf 84' lang='lat' dir='ltr'><strong>Involvens</strong></span> <span class='ocrx_word' id='word_1_10' title='bbox 255 512 364 551; x_wconf 86' lang='lat' dir='ltr'><strong>secum:</strong></span> <span class='ocrx_word' id='word_1_11' title='bbox 386 495 501 550; x_wconf 88' lang='lat' dir='ltr'><strong>disiecta</strong></span> <span class='ocrx_word' id='word_1_12' title='bbox 512 513 562 565; x_wconf 88' lang='lat' dir='ltr'><strong>per</strong></span> <span class='ocrx_word' id='word_1_13' title='bbox 575 497 686 565; x_wconf 85' lang='lat' dir='ltr'><strong>agmina</strong></span> <span class='ocrx_word' id='word_1_14' title='bbox 698 497 808 551; x_wconf 85' lang='lat' dir='ltr'><strong>Turnus</strong></span> 
     </span>
     <span class='ocr_line' id='line_1_4' title="bbox 88 581 728 652; baseline 0.002 -18"><span class='ocrx_word' id='word_1_15' title='bbox 88 581 133 636; x_wconf 85' lang='lat' dir='ltr'><strong>Sic</strong></span> <span class='ocrx_word' id='word_1_16' title='bbox 145 582 228 635; x_wconf 86' lang='lat' dir='ltr'><strong>urbis</strong></span> <span class='ocrx_word' id='word_1_17' title='bbox 241 583 298 636; x_wconf 88' lang='lat' dir='ltr'><strong>ruit</strong></span> <span class='ocrx_word' id='word_1_18' title='bbox 312 583 347 637; x_wconf 84' lang='lat' dir='ltr'><strong>ad</strong></span> <span class='ocrx_word' id='word_1_19' title='bbox 359 599 460 652; x_wconf 88' lang='lat' dir='ltr'><strong>muros,</strong></span> <span class='ocrx_word' id='word_1_20' title='bbox 475 584 523 637; x_wconf 94' lang='lat' dir='ltr'><strong>ubi</strong></span> <span class='ocrx_word' id='word_1_21' title='bbox 535 583 654 652; x_wconf 85' lang='lat' dir='ltr'><strong>plurima</strong></span> <span class='ocrx_word' id='word_1_22' title='bbox 667 586 728 638; x_wconf 82' lang='lat' dir='ltr'><strong>fusa</strong></span> 
     </span>
     <span class='ocr_line' id='line_1_5' title="bbox 89 669 892 742; baseline 0.006 -20"><span class='ocrx_word' id='word_1_23' title='bbox 89 669 233 738; x_wconf 76' lang='lat' dir='ltr'><strong>Sanguine</strong></span> <span class='ocrx_word' id='word_1_24' title='bbox 247 676 323 723; x_wconf 86' lang='lat' dir='ltr'><strong>terra</strong></span> <span class='ocrx_word' id='word_1_25' title='bbox 334 670 435 736; x_wconf 86' lang='lat' dir='ltr'><strong>madet,</strong></span> <span class='ocrx_word' id='word_1_26' title='bbox 450 671 625 740; x_wconf 75' lang='lat' dir='ltr'>striduntque</span> <span class='ocrx_word' id='word_1_27' title='bbox 639 671 783 725; x_wconf 87' lang='lat' dir='ltr'><strong>hastilibus</strong></span> <span class='ocrx_word' id='word_1_28' title='bbox 795 689 892 742; x_wconf 83' lang='lat' dir='ltr'><strong>aurae3</strong></span> 
     </span>
     <span class='ocr_line' id='line_1_6' title="bbox 89 756 836 827; baseline 0.005 -17"><span class='ocrx_word' id='word_1_29' title='bbox 89 756 292 826; x_wconf 84' lang='lat' dir='ltr'><strong>Significatqne</strong></span> <span class='ocrx_word' id='word_1_30' title='bbox 308 773 399 825; x_wconf 89' lang='lat' dir='ltr'><strong>manu,</strong></span> <span class='ocrx_word' id='word_1_31' title='bbox 414 762 442 810; x_wconf 91' lang='lat' dir='ltr'><strong>et</strong></span> <span class='ocrx_word' id='word_1_32' title='bbox 455 773 556 826; x_wconf 83' lang='lat' dir='ltr'><strong>magno</strong></span> <span class='ocrx_word' id='word_1_33' title='bbox 570 758 651 812; x_wconf 91' lang='lat' dir='ltr'><strong>simul</strong></span> <span class='ocrx_word' id='word_1_34' title='bbox 663 758 761 827; x_wconf 80' lang='lat' dir='ltr'>incipit</span> <span class='ocrx_word' id='word_1_35' title='bbox 774 776 836 814; x_wconf 87' lang='lat' dir='ltr'><strong>ore:</strong></span> 
     </span>
     <span class='ocr_line' id='line_1_7' title="bbox 92 843 870 915; baseline 0.004 -18"><span class='ocrx_word' id='word_1_36' title='bbox 92 845 231 898; x_wconf 77' lang='lat' dir='ltr'>“Parcite</span> <span class='ocrx_word' id='word_1_37' title='bbox 244 844 308 912; x_wconf 87' lang='lat' dir='ltr'><strong>iam,</strong></span> <span class='ocrx_word' id='word_1_38' title='bbox 323 843 427 912; x_wconf 82' lang='lat' dir='ltr'><strong>Rutuli,</strong></span> <span class='ocrx_word' id='word_1_39' title='bbox 443 851 472 898; x_wconf 88' lang='lat' dir='ltr'><strong>et</strong></span> <span class='ocrx_word' id='word_1_40' title='bbox 484 861 535 898; x_wconf 88' lang='lat' dir='ltr'><strong>vos</strong></span> <span class='ocrx_word' id='word_1_41' title='bbox 547 845 603 899; x_wconf 88' lang='lat' dir='ltr'><strong>tela</strong></span> <span class='ocrx_word' id='word_1_42' title='bbox 614 845 746 912; x_wconf 81' lang='lat' dir='ltr'><strong>inhibete,</strong></span> <span class='ocrx_word' id='word_1_43' title='bbox 761 845 870 915; x_wconf 80' lang='lat' dir='ltr'><strong>Latini3</strong></span> 
     </span>
     <span class='ocr_line' id='line_1_8' title="bbox 90 931 910 1000; baseline 0.004 -16"><span class='ocrx_word' id='word_1_44' title='bbox 90 931 290 1000; x_wconf 78' lang='lat' dir='ltr'><strong>Quaecumque</strong></span> <span class='ocrx_word' id='word_1_45' title='bbox 303 936 345 985; x_wconf 88' lang='lat' dir='ltr'><strong>est</strong></span> <span class='ocrx_word' id='word_1_46' title='bbox 356 931 489 998; x_wconf 80' lang='lat' dir='ltr'><strong>Fortuna,</strong></span> <span class='ocrx_word' id='word_1_47' title='bbox 506 948 567 986; x_wconf 90' lang='lat' dir='ltr'><strong>mea</strong></span> <span class='ocrx_word' id='word_1_48' title='bbox 579 937 638 999; x_wconf 84' lang='lat' dir='ltr'><strong>est;</strong></span> <span class='ocrx_word' id='word_1_49' title='bbox 660 949 704 986; x_wconf 89' lang='lat' dir='ltr'><strong>me</strong></span> <span class='ocrx_word' id='word_1_50' title='bbox 716 933 809 988; x_wconf 86' lang='lat' dir='ltr'><strong>verius</strong></span> <span class='ocrx_word' id='word_1_51' title='bbox 826 950 910 987; x_wconf 90' lang='lat' dir='ltr'><strong>unum</strong></span> 
     </span>
     <span class='ocr_line' id='line_1_9' title="bbox 90 1018 769 1086; baseline 0.001 -14"><span class='ocrx_word' id='word_1_52' title='bbox 90 1019 145 1072; x_wconf 87' lang='lat' dir='ltr'><strong>Pro</strong></span> <span class='ocrx_word' id='word_1_53' title='bbox 159 1019 242 1072; x_wconf 84' lang='lat' dir='ltr'><strong>vobis</strong></span> <span class='ocrx_word' id='word_1_54' title='bbox 254 1018 351 1072; x_wconf 82' lang='lat' dir='ltr'><strong>foedus</strong></span> <span class='ocrx_word' id='word_1_55' title='bbox 362 1019 446 1086; x_wconf 90' lang='lat' dir='ltr'><strong>luere,</strong></span> <span class='ocrx_word' id='word_1_56' title='bbox 464 1023 492 1072; x_wconf 89' lang='lat' dir='ltr'><strong>et</strong></span> <span class='ocrx_word' id='word_1_57' title='bbox 505 1018 654 1073; x_wconf 86' lang='lat' dir='ltr'><strong>decernere</strong></span> <span class='ocrx_word' id='word_1_58' title='bbox 667 1020 769 1074; x_wconf 82' lang='lat' dir='ltr'><strong>ferro.’&#39;</strong></span> 
     </span>
     <span class='ocr_line' id='line_1_10' title="bbox 89 1106 780 1176; baseline 0.004 -17"><span class='ocrx_word' id='word_1_59' title='bbox 89 1106 251 1160; x_wconf 87' lang='lat' dir='ltr'><strong>Discessere</strong></span> <span class='ocrx_word' id='word_1_60' title='bbox 263 1123 359 1160; x_wconf 89' lang='lat' dir='ltr'><strong>omues</strong></span> <span class='ocrx_word' id='word_1_61' title='bbox 371 1106 465 1175; x_wconf 87' lang='lat' dir='ltr'><strong>medii,</strong></span> <span class='ocrx_word' id='word_1_62' title='bbox 485 1107 659 1176; x_wconf 84' lang='lat' dir='ltr'><strong>spatiumque</strong></span> <span class='ocrx_word' id='word_1_63' title='bbox 671 1107 780 1162; x_wconf 87' lang='lat' dir='ltr'><strong>dedere.</strong></span> 
     </span>
    </p>

    <p class='ocr_par' dir='ltr' id='par_1_3' title="bbox 88 1193 971 3632">
     <span class='ocr_line' id='line_1_11' title="bbox 126 1193 735 1263; baseline -0.002 -15"><span class='ocrx_word' id='word_1_64' title='bbox 126 1193 167 1248; x_wconf 90' lang='lat' dir='ltr'><strong>At</strong></span> <span class='ocrx_word' id='word_1_65' title='bbox 179 1199 261 1263; x_wconf 89' lang='lat' dir='ltr'><strong>pater</strong></span> <span class='ocrx_word' id='word_1_66' title='bbox 274 1194 391 1261; x_wconf 88' lang='lat' dir='ltr'><strong>Aeneae,</strong></span> <span class='ocrx_word' id='word_1_67' title='bbox 405 1193 500 1256; x_wconf 86' lang='lat' dir='ltr'><strong>audito</strong></span> <span class='ocrx_word' id='word_1_68' title='bbox 517 1195 629 1248; x_wconf 90' lang='lat' dir='ltr'><strong>nomine</strong></span> <span class='ocrx_word' id='word_1_69' title='bbox 642 1193 735 1263; x_wconf 86' lang='lat' dir='ltr'><strong>Turni,</strong></span> 
     </span>
     <span class='ocr_line' id='line_1_12' title="bbox 88 1280 751 1351; baseline 0 -15"><span class='ocrx_word' id='word_1_70' title='bbox 88 1283 204 1336; x_wconf 77' lang='lat' dir='ltr'>Deserit</span> <span class='ocrx_word' id='word_1_71' title='bbox 216 1289 245 1336; x_wconf 88' lang='lat' dir='ltr'><strong>et</strong></span> <span class='ocrx_word' id='word_1_72' title='bbox 258 1298 358 1349; x_wconf 77' lang='lat' dir='ltr'><strong>muros,</strong></span> <span class='ocrx_word' id='word_1_73' title='bbox 375 1287 404 1336; x_wconf 88' lang='lat' dir='ltr'><strong>et</strong></span> <span class='ocrx_word' id='word_1_74' title='bbox 416 1299 537 1335; x_wconf 87' lang='lat' dir='ltr'><strong>summas</strong></span> <span class='ocrx_word' id='word_1_75' title='bbox 552 1280 655 1335; x_wconf 87' lang='lat' dir='ltr'><strong>deserit·</strong></span> <span class='ocrx_word' id='word_1_76' title='bbox 668 1299 751 1351; x_wconf 82' lang='lat' dir='ltr'><strong>arces,</strong></span> 
     </span>
     <span class='ocr_line' id='line_1_13' title="bbox 88 1369 867 1440; baseline 0.004 -17"><span class='ocrx_word' id='word_1_77' title='bbox 88 1369 317 1438; x_wconf 88' lang='lat' dir='ltr'><strong>Praecipitatque</strong></span> <span class='ocrx_word' id='word_1_78' title='bbox 331 1385 422 1423; x_wconf 89' lang='lat' dir='ltr'><strong>moras</strong></span> <span class='ocrx_word' id='word_1_79' title='bbox 436 1369 532 1434; x_wconf 83' lang='lat' dir='ltr'><strong>omnis,</strong></span> <span class='ocrx_word' id='word_1_80' title='bbox 550 1385 635 1438; x_wconf 90' lang='lat' dir='ltr'><strong>opera</strong></span> <span class='ocrx_word' id='word_1_81' title='bbox 649 1371 742 1424; x_wconf 90' lang='lat' dir='ltr'><strong>omnia</strong></span> <span class='ocrx_word' id='word_1_82' title='bbox 754 1371 867 1440; x_wconf 87' lang='lat' dir='ltr'>rumpit,</span> 
     </span>
     <span class='ocr_line' id='line_1_14' title="bbox 88 1455 852 1524; baseline 0.003 -14"><span class='ocrx_word' id='word_1_83' title='bbox 88 1456 212 1510; x_wconf 90' lang='lat' dir='ltr'><strong>Laetitia</strong></span> <span class='ocrx_word' id='word_1_84' title='bbox 224 1455 372 1524; x_wconf 81' lang='lat' dir='ltr'><strong>exsultans,</strong></span> <span class='ocrx_word' id='word_1_85' title='bbox 388 1456 612 1524; x_wconf 86' lang='lat' dir='ltr'><strong>horrendumque</strong></span> <span class='ocrx_word' id='word_1_86' title='bbox 626 1456 736 1509; x_wconf 88' lang='lat' dir='ltr'><strong>intonat</strong></span> <span class='ocrx_word' id='word_1_87' title='bbox 753 1458 852 1512; x_wconf 89' lang='lat' dir='ltr'><strong>armis:</strong></span> 
     </span>
     <span class='ocr_line' id='line_1_15' title="bbox 90 1543 913 1612; baseline 0.002 -16"><span class='ocrx_word' id='word_1_88' title='bbox 90 1544 220 1608; x_wconf 86' lang='lat' dir='ltr'><strong>Quantus</strong></span> <span class='ocrx_word' id='word_1_89' title='bbox 236 1543 333 1611; x_wconf 85' lang='lat' dir='ltr'>Athos,</span> <span class='ocrx_word' id='word_1_90' title='bbox 349 1548 398 1596; x_wconf 84' lang='lat' dir='ltr'><strong>aut</strong></span> <span class='ocrx_word' id='word_1_91' title='bbox 410 1549 529 1612; x_wconf 87' lang='lat' dir='ltr'><strong>quantus</strong></span> <span class='ocrx_word' id='word_1_92' title='bbox 543 1543 628 1610; x_wconf 82' lang='lat' dir='ltr'>Eryx,</span> <span class='ocrx_word' id='word_1_93' title='bbox 643 1551 691 1596; x_wconf 89' lang='lat' dir='ltr'><strong>aut</strong></span> <span class='ocrx_word' id='word_1_94' title='bbox 709 1543 776 1612; x_wconf 86' lang='lat' dir='ltr'><strong>ipse,</strong></span> <span class='ocrx_word' id='word_1_95' title='bbox 792 1545 913 1598; x_wconf 76' lang='lat' dir='ltr'><strong>coruscis</strong></span> 
     </span>
     <span class='ocr_line' id='line_1_16' title="bbox 90 1630 813 1700; baseline -0.001 -15"><span class='ocrx_word' id='word_1_96' title='bbox 90 1631 162 1685; x_wconf 84' lang='lat' dir='ltr'><strong>Oum</strong></span> <span class='ocrx_word' id='word_1_97' title='bbox 175 1630 274 1684; x_wconf 80' lang='lat' dir='ltr'><strong>fremit</strong></span> <span class='ocrx_word' id='word_1_98' title='bbox 285 1630 402 1697; x_wconf 83' lang='lat' dir='ltr'>ilicibus,</span> <span class='ocrx_word' id='word_1_99' title='bbox 418 1636 543 1700; x_wconf 86' lang='lat' dir='ltr'><strong>quantus,</strong></span> <span class='ocrx_word' id='word_1_100' title='bbox 560 1630 714 1699; x_wconf 82' lang='lat' dir='ltr'><strong>gaudetque</strong></span> <span class='ocrx_word' id='word_1_101' title='bbox 727 1630 813 1684; x_wconf 82' lang='lat' dir='ltr'><strong>nivali</strong></span> 
     </span>
     <span class='ocr_line' id='line_1_17' title="bbox 89 1717 971 1787; baseline 0.003 -15"><span class='ocrx_word' id='word_1_102' title='bbox 89 1719 208 1773; x_wconf 91' lang='lat' dir='ltr'><strong>Vertioe</strong></span> <span class='ocrx_word' id='word_1_103' title='bbox 220 1735 251 1771; x_wconf 91' lang='lat' dir='ltr'><strong>se</strong></span> <span class='ocrx_word' id='word_1_104' title='bbox 263 1717 391 1771; x_wconf 86' lang='lat' dir='ltr'><strong>attollens</strong></span> <span class='ocrx_word' id='word_1_105' title='bbox 402 1723 481 1786; x_wconf 90' lang='lat' dir='ltr'><strong>pater</strong></span> <span class='ocrx_word' id='word_1_106' title='bbox 494 1719 678 1787; x_wconf 82' lang='lat' dir='ltr'><strong>Appenninus</strong></span> <span class='ocrx_word' id='word_1_107' title='bbox 688 1719 723 1773; x_wconf 85' lang='lat' dir='ltr'><strong>ad</strong></span> <span class='ocrx_word' id='word_1_108' title='bbox 736 1736 825 1774; x_wconf 85' lang='lat' dir='ltr'><strong>auras.</strong></span> <span class='ocrx_word' id='word_1_109' title='bbox 908 1726 917 1748; x_wconf 89' lang='lat'>‘</span> <span class='ocrx_word' id='word_1_110' title='bbox 953 1741 971 1768; x_wconf 73' lang='grc' dir='ltr'><strong>τ</strong></span> 
     </span>
     <span class='ocr_line' id='line_1_18' title="bbox 88 1803 812 1861; baseline 0.001 -1"><span class='ocrx_word' id='word_1_111' title='bbox 88 1807 149 1860; x_wconf 88' lang='lat' dir='ltr'><strong>Iam</strong></span> <span class='ocrx_word' id='word_1_112' title='bbox 163 1822 231 1858; x_wconf 91' lang='lat' dir='ltr'><strong>vero</strong></span> <span class='ocrx_word' id='word_1_113' title='bbox 246 1810 274 1858; x_wconf 90' lang='lat' dir='ltr'><strong>et</strong></span> <span class='ocrx_word' id='word_1_114' title='bbox 286 1803 382 1858; x_wconf 84' lang='lat' dir='ltr'>Rutuli</span> <span class='ocrx_word' id='word_1_115' title='bbox 395 1807 522 1860; x_wconf 79' lang='lat' dir='ltr'>certatim</span> <span class='ocrx_word' id='word_1_116' title='bbox 534 1813 562 1860; x_wconf 88' lang='lat' dir='ltr'><strong>et</strong></span> <span class='ocrx_word' id='word_1_117' title='bbox 575 1806 660 1860; x_wconf 85' lang='lat' dir='ltr'><strong>Troes</strong></span> <span class='ocrx_word' id='word_1_118' title='bbox 673 1813 702 1860; x_wconf 88' lang='lat' dir='ltr'><strong>et</strong></span> <span class='ocrx_word' id='word_1_119' title='bbox 715 1824 812 1861; x_wconf 86' lang='lat' dir='ltr'><strong>omnes</strong></span> 
     </span>
     <span class='ocr_line' id='line_1_19' title="bbox 89 1891 789 1963; baseline 0.001 -15"><span class='ocrx_word' id='word_1_120' title='bbox 89 1894 266 1948; x_wconf 75' lang='lat' dir='ltr'>Convertere</span> <span class='ocrx_word' id='word_1_121' title='bbox 279 1891 374 1946; x_wconf 87' lang='lat' dir='ltr'><strong>oculos</strong></span> <span class='ocrx_word' id='word_1_122' title='bbox 386 1892 456 1961; x_wconf 86' lang='lat' dir='ltr'><strong>Itali,</strong></span> <span class='ocrx_word' id='word_1_123' title='bbox 472 1894 572 1963; x_wconf 92' lang='lat' dir='ltr'><strong>quique</strong></span> <span class='ocrx_word' id='word_1_124' title='bbox 585 1893 641 1948; x_wconf 87' lang='lat' dir='ltr'><strong>alta</strong></span> <span class='ocrx_word' id='word_1_125' title='bbox 655 1895 789 1950; x_wconf 86' lang='lat' dir='ltr'><strong>tenebant</strong></span> 
     </span>
     <span class='ocr_line' id='line_1_20' title="bbox 89 1980 785 2054; baseline 0.007 -20"><span class='ocrx_word' id='word_1_126' title='bbox 89 1980 211 2048; x_wconf 87' lang='lat' dir='ltr'><strong>Moenia,</strong></span> <span class='ocrx_word' id='word_1_127' title='bbox 226 1980 327 2048; x_wconf 90' lang='lat' dir='ltr'><strong>quique</strong></span> <span class='ocrx_word' id='word_1_128' title='bbox 340 1980 412 2034; x_wconf 89' lang='lat' dir='ltr'><strong>imos</strong></span> <span class='ocrx_word' id='word_1_129' title='bbox 423 1981 570 2048; x_wconf 81' lang='lat' dir='ltr'><strong>pulsabant</strong></span> <span class='ocrx_word' id='word_1_130' title='bbox 585 1984 670 2038; x_wconf 83' lang='lat' dir='ltr'><strong>ariete</strong></span> <span class='ocrx_word' id='word_1_131' title='bbox 683 2001 785 2054; x_wconf 88' lang='lat' dir='ltr'><strong>muros,</strong></span> 
     </span>
     <span class='ocr_line' id='line_1_21' title="bbox 90 2067 861 2140; baseline 0.01 -20"><span class='ocrx_word' id='word_1_132' title='bbox 90 2069 236 2135; x_wconf 86' lang='lat' dir='ltr'><strong>Armaque</strong></span> <span class='ocrx_word' id='word_1_133' title='bbox 249 2067 400 2134; x_wconf 90' lang='lat' dir='ltr'><strong>deposuere</strong></span> <span class='ocrx_word' id='word_1_134' title='bbox 412 2068 523 2122; x_wconf 85' lang='lat' dir='ltr'><strong>umeris.</strong></span> <span class='ocrx_word' id='word_1_135' title='bbox 562 2069 661 2139; x_wconf 83' lang='lat' dir='ltr'><strong>Stupet</strong></span> <span class='ocrx_word' id='word_1_136' title='bbox 674 2071 733 2140; x_wconf 89' lang='lat' dir='ltr'><strong>ipse</strong></span> <span class='ocrx_word' id='word_1_137' title='bbox 746 2072 861 2128; x_wconf 84' lang='lat' dir='ltr'><strong>Latinus</strong></span> 
     </span>
     <span class='ocr_line' id='line_1_22' title="bbox 89 2154 711 2228; baseline 0.008 -20"><span class='ocrx_word' id='word_1_138' title='bbox 89 2154 225 2222; x_wconf 88' lang='lat' dir='ltr'><strong>Ingentis,</strong></span> <span class='ocrx_word' id='word_1_139' title='bbox 241 2155 350 2221; x_wconf 86' lang='lat' dir='ltr'><strong>genitos</strong></span> <span class='ocrx_word' id='word_1_140' title='bbox 362 2155 478 2208; x_wconf 88' lang='lat' dir='ltr'><strong>diversis</strong></span> <span class='ocrx_word' id='word_1_141' title='bbox 490 2157 615 2225; x_wconf 86' lang='lat' dir='ltr'><strong>partibus</strong></span> <span class='ocrx_word' id='word_1_142' title='bbox 628 2159 711 2228; x_wconf 84' lang='lat' dir='ltr'><strong>orbis,</strong></span> 
     </span>
     <span class='ocr_line' id='line_1_23' title="bbox 89 2242 668 2304; baseline 0.014 -9"><span class='ocrx_word' id='word_1_143' title='bbox 89 2243 170 2295; x_wconf 90' lang='lat' dir='ltr'><strong>Inter</strong></span> <span class='ocrx_word' id='word_1_144' title='bbox 180 2259 210 2296; x_wconf 91' lang='lat' dir='ltr'><strong>se</strong></span> <span class='ocrx_word' id='word_1_145' title='bbox 222 2242 319 2296; x_wconf 90' lang='lat' dir='ltr'><strong>coiisse</strong></span> <span class='ocrx_word' id='word_1_146' title='bbox 332 2243 407 2296; x_wconf 86' lang='lat' dir='ltr'><strong>viros</strong></span> <span class='ocrx_word' id='word_1_147' title='bbox 419 2249 447 2296; x_wconf 93' lang='lat' dir='ltr'><strong>et</strong></span> <span class='ocrx_word' id='word_1_148' title='bbox 457 2260 570 2298; x_wconf 87' lang='lat' dir='ltr'><strong>cernere</strong></span> <span class='ocrx_word' id='word_1_149' title='bbox 584 2247 668 2304; x_wconf 82' lang='lat' dir='ltr'><strong>ierro.</strong></span> 
     </span>
     <span class='ocr_line' id='line_1_24' title="bbox 91 2328 805 2408; baseline 0.015 -26"><span class='ocrx_word' id='word_1_150' title='bbox 91 2330 189 2399; x_wconf 86' lang='lat' dir='ltr'><strong>Atque</strong></span> <span class='ocrx_word' id='word_1_151' title='bbox 201 2328 250 2396; x_wconf 86' lang='lat' dir='ltr'><strong>illi,</strong></span> <span class='ocrx_word' id='word_1_152' title='bbox 265 2335 297 2382; x_wconf 91' lang='lat' dir='ltr'><strong>ut</strong></span> <span class='ocrx_word' id='word_1_153' title='bbox 309 2345 396 2384; x_wconf 88' lang='lat' dir='ltr'><strong>vacuo</strong></span> <span class='ocrx_word' id='word_1_154' title='bbox 409 2337 559 2398; x_wconf 90' lang='lat' dir='ltr'><strong>patuerunt</strong></span> <span class='ocrx_word' id='word_1_155' title='bbox 574 2349 693 2402; x_wconf 87' lang='lat' dir='ltr'><strong>aequore</strong></span> <span class='ocrx_word' id='word_1_156' title='bbox 706 2339 805 2408; x_wconf 83' lang='lat' dir='ltr'><strong>campi,</strong></span> 
     </span>
     <span class='ocr_line' id='line_1_25' title="bbox 89 2417 725 2494; baseline 0.014 -24"><span class='ocrx_word' id='word_1_157' title='bbox 89 2417 232 2470; x_wconf 88' lang='lat' dir='ltr'><strong>Procnrsu</strong></span> <span class='ocrx_word' id='word_1_158' title='bbox 246 2418 349 2486; x_wconf 88' lang='lat' dir='ltr'><strong>rapide,</strong></span> <span class='ocrx_word' id='word_1_159' title='bbox 364 2419 498 2474; x_wconf 88' lang='lat' dir='ltr'><strong>coniectis</strong></span> <span class='ocrx_word' id='word_1_160' title='bbox 510 2421 617 2476; x_wconf 85' lang='lat' dir='ltr'><strong>eminus</strong></span> <span class='ocrx_word' id='word_1_161' title='bbox 630 2423 725 2494; x_wconf 87' lang='lat' dir='ltr'><strong>bestie,</strong></span> 
     </span>
     <span class='ocr_line' id='line_1_26' title="bbox 89 2504 806 2582; baseline 0.018 -25"><span class='ocrx_word' id='word_1_162' title='bbox 89 2504 235 2558; x_wconf 76' lang='lat' dir='ltr'><strong>Invadunt</strong></span> <span class='ocrx_word' id='word_1_163' title='bbox 248 2504 364 2558; x_wconf 87' lang='lat' dir='ltr'><strong>Martem</strong></span> <span class='ocrx_word' id='word_1_164' title='bbox 378 2506 471 2574; x_wconf 89' lang='lat' dir='ltr'><strong>clipeis</strong></span> <span class='ocrx_word' id='word_1_165' title='bbox 485 2512 566 2576; x_wconf 87' lang='lat' dir='ltr'><strong>atque</strong></span> <span class='ocrx_word' id='word_1_166' title='bbox 581 2526 645 2565; x_wconf 88' lang='lat' dir='ltr'><strong>aere</strong></span> <span class='ocrx_word' id='word_1_167' title='bbox 659 2529 806 2582; x_wconf 78' lang='lat' dir='ltr'><strong>sonoro,-</strong></span> 
     </span>
     <span class='ocr_line' id='line_1_27' title="bbox 88 2592 816 2660; baseline 0.015 -15"><span class='ocrx_word' id='word_1_168' title='bbox 88 2592 146 2646; x_wconf 89' lang='lat' dir='ltr'><strong>Dat</strong></span> <span class='ocrx_word' id='word_1_169' title='bbox 159 2592 292 2660; x_wconf 80' lang='lat' dir='ltr'><strong>gemitum</strong></span> <span class='ocrx_word' id='word_1_170' title='bbox 307 2592 483 2647; x_wconf 86' lang='lat' dir='ltr'><strong>tellus—tum</strong></span> <span class='ocrx_word' id='word_1_171' title='bbox 496 2597 608 2651; x_wconf 90' lang='lat' dir='ltr'><strong>crebros</strong></span> <span class='ocrx_word' id='word_1_172' title='bbox 622 2600 733 2655; x_wconf 84' lang='lat' dir='ltr'><strong>ensibus</strong></span> <span class='ocrx_word' id='word_1_173' title='bbox 744 2603 816 2656; x_wconf 89' lang='lat' dir='ltr'><strong>ictus</strong></span> 
     </span>
     <span class='ocr_line' id='line_1_28' title="bbox 89 2679 845 2747; baseline 0.012 -13"><span class='ocrx_word' id='word_1_174' title='bbox 89 2679 311 2747; x_wconf 85' lang='lat' dir='ltr'><strong>Oongeminant:</strong></span> <span class='ocrx_word' id='word_1_175' title='bbox 333 2681 389 2734; x_wconf 83' lang='lat' dir='ltr'><strong>iore</strong></span> <span class='ocrx_word' id='word_1_176' title='bbox 401 2687 429 2734; x_wconf 88' lang='lat' dir='ltr'><strong>ct</strong></span> <span class='ocrx_word' id='word_1_177' title='bbox 442 2682 531 2736; x_wconf 88' lang='lat' dir='ltr'><strong>virtus</strong></span> <span class='ocrx_word' id='word_1_178' title='bbox 545 2685 696 2742; x_wconf 80' lang='lat' dir='ltr'><strong>miscentur</strong></span> <span class='ocrx_word' id='word_1_179' title='bbox 708 2689 738 2742; x_wconf 92' lang='lat' dir='ltr'><strong>in</strong></span> <span class='ocrx_word' id='word_1_180' title='bbox 752 2707 845 2744; x_wconf 93' lang='lat' dir='ltr'><strong>unum.</strong></span> 
     </span>
     <span class='ocr_line' id='line_1_29' title="bbox 88 2766 709 2836; baseline 0.016 -16"><span class='ocrx_word' id='word_1_181' title='bbox 88 2768 133 2821; x_wconf 85' lang='lat' dir='ltr'><strong>Ac</strong></span> <span class='ocrx_word' id='word_1_182' title='bbox 147 2766 224 2821; x_wconf 88' lang='lat' dir='ltr'><strong>velut</strong></span> <span class='ocrx_word' id='word_1_183' title='bbox 236 2768 342 2836; x_wconf 85' lang='lat' dir='ltr'><strong>ingenti</strong></span> <span class='ocrx_word' id='word_1_184' title='bbox 355 2767 412 2822; x_wconf 84' lang='lat' dir='ltr'><strong>Sila</strong></span> <span class='ocrx_word' id='word_1_185' title='bbox 424 2787 567 2826; x_wconf 86' lang='lat' dir='ltr'><strong>summove</strong></span> <span class='ocrx_word' id='word_1_186' title='bbox 580 2773 709 2830; x_wconf 85' lang='lat' dir='ltr'><strong>Taburno</strong></span> 
     </span>
     <span class='ocr_line' id='line_1_30' title="bbox 89 2854 756 2930; baseline 0.013 -23"><span class='ocrx_word' id='word_1_187' title='bbox 89 2854 162 2908; x_wconf 81' lang='lat' dir='ltr'><strong>(lum</strong></span> <span class='ocrx_word' id='word_1_188' title='bbox 175 2854 233 2907; x_wconf 89' lang='lat' dir='ltr'><strong>duo</strong></span> <span class='ocrx_word' id='word_1_189' title='bbox 247 2856 386 2909; x_wconf 87' lang='lat' dir='ltr'><strong>conversis</strong></span> <span class='ocrx_word' id='word_1_190' title='bbox 400 2855 511 2912; x_wconf 88' lang='lat' dir='ltr'><strong>inimica</strong></span> <span class='ocrx_word' id='word_1_191' title='bbox 523 2860 553 2912; x_wconf 91' lang='lat' dir='ltr'><strong>in</strong></span> <span class='ocrx_word' id='word_1_192' title='bbox 566 2863 670 2930; x_wconf 85' lang='lat' dir='ltr'><strong>proelia</strong></span> <span class='ocrx_word' id='word_1_193' title='bbox 682 2865 756 2918; x_wconf 87' lang='lat' dir='ltr'><strong>tauri</strong></span> 
     </span>
     <span class='ocr_line' id='line_1_31' title="bbox 89 2941 801 3018; baseline 0.017 -24"><span class='ocrx_word' id='word_1_194' title='bbox 89 2941 242 2995; x_wconf 89' lang='lat' dir='ltr'><strong>Frontibus</strong></span> <span class='ocrx_word' id='word_1_195' title='bbox 254 2942 530 3014; x_wconf 86' lang='lat' dir='ltr'><strong>incurrunt—pavidi</strong></span> <span class='ocrx_word' id='word_1_196' title='bbox 544 2965 649 3004; x_wconf 88' lang='lat' dir='ltr'><strong>cessere</strong></span> <span class='ocrx_word' id='word_1_197' title='bbox 661 2952 801 3018; x_wconf 84' lang='lat' dir='ltr'><strong>magistri;</strong></span> 
     </span>
     <span class='ocr_line' id='line_1_32' title="bbox 89 3028 911 3108; baseline 0.015 -26"><span class='ocrx_word' id='word_1_198' title='bbox 89 3028 152 3083; x_wconf 80' lang='lat' dir='ltr'><strong>Stat</strong></span> <span class='ocrx_word' id='word_1_199' title='bbox 164 3045 250 3098; x_wconf 88' lang='lat' dir='ltr'><strong>pecus</strong></span> <span class='ocrx_word' id='word_1_200' title='bbox 263 3045 345 3083; x_wconf 88' lang='lat' dir='ltr'><strong>omne</strong></span> <span class='ocrx_word' id='word_1_201' title='bbox 357 3037 434 3085; x_wconf 90' lang='lat' dir='ltr'><strong>metu</strong></span> <span class='ocrx_word' id='word_1_202' title='bbox 449 3040 565 3101; x_wconf 82' lang='lat' dir='ltr'><strong>mutum,</strong></span> <span class='ocrx_word' id='word_1_203' title='bbox 581 3045 759 3108; x_wconf 84' lang='lat' dir='ltr'><strong>mussantque</strong></span> <span class='ocrx_word' id='word_1_204' title='bbox 771 3040 911 3106; x_wconf 80' lang='lat' dir='ltr'><strong>iuvencae,</strong></span> 
     </span>
     <span class='ocr_line' id='line_1_33' title="bbox 90 3115 941 3196; baseline 0.015 -29"><span class='ocrx_word' id='word_1_205' title='bbox 90 3115 159 3181; x_wconf 79' lang='lat' dir='ltr'><strong>Quia</strong></span> <span class='ocrx_word' id='word_1_206' title='bbox 171 3116 281 3170; x_wconf 88' lang='lat' dir='ltr'><strong>nemori</strong></span> <span class='ocrx_word' id='word_1_207' title='bbox 293 3118 444 3188; x_wconf 89' lang='lat' dir='ltr'><strong>imperitet,</strong></span> <span class='ocrx_word' id='word_1_208' title='bbox 461 3138 541 3190; x_wconf 92' lang='lat' dir='ltr'><strong>quem</strong></span> <span class='ocrx_word' id='word_1_209' title='bbox 557 3127 616 3179; x_wconf 88' lang='lat' dir='ltr'><strong>tota</strong></span> <span class='ocrx_word' id='word_1_210' title='bbox 630 3132 753 3180; x_wconf 82' lang='lat' dir='ltr'><strong>armenta</strong></span> <span class='ocrx_word' id='word_1_211' title='bbox 766 3134 941 3196; x_wconf 85' lang='lat' dir='ltr'><strong>sequantur-</strong></span> 
     </span>
     <span class='ocr_line' id='line_1_34' title="bbox 90 3202 700 3280; baseline 0.02 -26"><span class='ocrx_word' id='word_1_212' title='bbox 90 3202 133 3255; x_wconf 93' lang='lat' dir='ltr'><strong>llli</strong></span> <span class='ocrx_word' id='word_1_213' title='bbox 145 3204 221 3256; x_wconf 89' lang='lat' dir='ltr'><strong>inter</strong></span> <span class='ocrx_word' id='word_1_214' title='bbox 234 3220 294 3257; x_wconf 86' lang='lat' dir='ltr'><strong>sese</strong></span> <span class='ocrx_word' id='word_1_215' title='bbox 306 3207 392 3262; x_wconf 86' lang='lat' dir='ltr'><strong>multa</strong></span> <span class='ocrx_word' id='word_1_216' title='bbox 407 3208 435 3260; x_wconf 84' lang='lat' dir='ltr'><strong>vi</strong></span> <span class='ocrx_word' id='word_1_217' title='bbox 448 3208 562 3263; x_wconf 84' lang='lat' dir='ltr'><strong>volnera</strong></span> <span class='ocrx_word' id='word_1_218' title='bbox 576 3211 700 3280; x_wconf 88' lang='lat' dir='ltr'><strong>miscent,</strong></span> 
     </span>
     <span class='ocr_line' id='line_1_35' title="bbox 89 3291 791 3368; baseline 0.017 -26"><span class='ocrx_word' id='word_1_219' title='bbox 89 3291 257 3360; x_wconf 78' lang='lat' dir='ltr'><strong>Cornuaque</strong></span> <span class='ocrx_word' id='word_1_220' title='bbox 271 3293 367 3346; x_wconf 89' lang='lat' dir='ltr'><strong>obnixi</strong></span> <span class='ocrx_word' id='word_1_221' title='bbox 381 3295 508 3364; x_wconf 85' lang='lat' dir='ltr'><strong>infigunt,</strong></span> <span class='ocrx_word' id='word_1_222' title='bbox 524 3301 553 3350; x_wconf 90' lang='lat' dir='ltr'><strong>et</strong></span> <span class='ocrx_word' id='word_1_223' title='bbox 567 3299 702 3366; x_wconf 88' lang='lat' dir='ltr'><strong>sanguine</strong></span> <span class='ocrx_word' id='word_1_224' title='bbox 713 3299 791 3368; x_wconf 90' lang='lat' dir='ltr'><strong>largo</strong></span> 
     </span>
     <span class='ocr_line' id='line_1_36' title="bbox 89 3377 926 3458; baseline 0.016 -28"><span class='ocrx_word' id='word_1_225' title='bbox 89 3377 168 3432; x_wconf 84' lang='lat' dir='ltr'><strong>Colla</strong></span> <span class='ocrx_word' id='word_1_226' title='bbox 180 3395 328 3448; x_wconf 86' lang='lat' dir='ltr'><strong>armosque</strong></span> <span class='ocrx_word' id='word_1_227' title='bbox 340 3381 449 3451; x_wconf 85' lang='lat' dir='ltr'><strong>lavant;</strong></span> <span class='ocrx_word' id='word_1_228' title='bbox 469 3384 574 3452; x_wconf 87' lang='lat' dir='ltr'><strong>gemitu</strong></span> <span class='ocrx_word' id='word_1_229' title='bbox 587 3402 683 3440; x_wconf 89' lang='lat' dir='ltr'><strong>nemus</strong></span> <span class='ocrx_word' id='word_1_230' title='bbox 696 3403 779 3442; x_wconf 90' lang='lat' dir='ltr'><strong>omne</strong></span> <span class='ocrx_word' id='word_1_231' title='bbox 791 3389 926 3458; x_wconf 66' lang='lat' dir='ltr'><strong>remugitg</strong></span> 
     </span>
     <span class='ocr_line' id='line_1_37' title="bbox 88 3464 730 3538; baseline 0.012 -20"><span class='ocrx_word' id='word_1_232' title='bbox 88 3464 154 3519; x_wconf 89' lang='lat' dir='ltr'><strong>Non</strong></span> <span class='ocrx_word' id='word_1_233' title='bbox 167 3466 249 3520; x_wconf 90' lang='lat' dir='ltr'><strong>aliter</strong></span> <span class='ocrx_word' id='word_1_234' title='bbox 262 3466 331 3534; x_wconf 87' lang='lat' dir='ltr'><strong>Tros</strong></span> <span class='ocrx_word' id='word_1_235' title='bbox 344 3471 453 3524; x_wconf 84' lang='lat' dir='ltr'><strong>Aeneas</strong></span> <span class='ocrx_word' id='word_1_236' title='bbox 467 3476 495 3526; x_wconf 86' lang='lat' dir='ltr'><strong>et</strong></span> <span class='ocrx_word' id='word_1_237' title='bbox 507 3471 633 3538; x_wconf 84' lang='lat' dir='ltr'><strong>Daunius</strong></span> <span class='ocrx_word' id='word_1_238' title='bbox 646 3474 730 3527; x_wconf 87' lang='lat' dir='ltr'><strong>heros</strong></span> 
     </span>
     <span class='ocr_line' id='line_1_38' title="bbox 88 3553 880 3632; baseline 0.015 -27"><span class='ocrx_word' id='word_1_239' title='bbox 88 3553 267 3607; x_wconf 86' lang='lat' dir='ltr'><strong>Ooucurrunt</strong></span> <span class='ocrx_word' id='word_1_240' title='bbox 281 3553 389 3624; x_wconf 78' lang='lat' dir='ltr'><strong>clipeis3</strong></span> <span class='ocrx_word' id='word_1_241' title='bbox 410 3559 506 3625; x_wconf 85' lang='lat' dir='ltr'><strong>ingens</strong></span> <span class='ocrx_word' id='word_1_242' title='bbox 519 3559 611 3628; x_wconf 78' lang='lat' dir='ltr'><strong>fragor·</strong></span> <span class='ocrx_word' id='word_1_243' title='bbox 624 3560 737 3615; x_wconf 87' lang='lat' dir='ltr'><strong>aethera</strong></span> <span class='ocrx_word' id='word_1_244' title='bbox 750 3562 880 3632; x_wconf 89' lang='lat' dir='ltr'><strong>complet.</strong></span> 
     </span>
    </p>
   </div>
   <div class='ocr_carea' id='block_1_3' title="bbox 0 0 1339 3942">
    <p class='ocr_par' dir='ltr' id='par_1_4' title="bbox 0 0 1339 3942">
     <span class='ocr_line' id='line_1_39' title="bbox 0 0 1339 3942; baseline 0 0"><span class='ocrx_word' id='word_1_245' title='bbox 0 0 1339 3942; x_wconf 95' lang='lat' dir='ltr'><strong> </strong></span> 
     </span>
    </p>
   </div>
  </div>
 </body>
</html>
