2730 3936
504 205 642 254 vnaelnl
665 202 852 253 eucnemon
874 204 919 254 IV.

200 367 258 420 Aut
271 367 368 434 dirum,
383 368 481 434 tineae,
496 383 589 436 genus,
604 371 652 420 eut
663 367 752 420 invisa
763 365 905 420 Minervae

198 453 287 508 Laxos
299 455 328 507 in
340 455 448 508 foribus
461 454 604 523 suspendit
616 470 717 508 aranea
728 454 821 506 cassis.

199 541 261 606 Quo
272 541 360 608 magis
372 541 522 594 exhaustae
534 541 648 607 fuerint,
662 540 717 593 boc
731 541 820 593 acrius
832 556 929 594 omnes

198 628 361 682 Incumbent
373 629 483 697 generis
494 629 563 698 lapsi
576 629 678 682 sarcire
690 628 790 695 ruinas,

199 713 436 784 Complebuntque
448 715 524 769 foros
537 721 565 769 et
577 715 693 768 floribus
704 714 804 768 horrea
815 720 921 768 terent

233 802 261 854 Si
274 819 349 870 vero,
365 804 492 871 quoniam
505 819 583 856 casus
597 802 693 871 apibus
706 817 813 871 quoque
825 806 936 856 nostros

198 889 266 942 Vita
278 890 349 956 tulit,
364 890 437 944 tristi
450 890 618 959 languebunt
630 905 747 958 corpora
759 890 893 942 morbo-

198 973 278 1038 Quod
290 975 344 1028 iam
357 991 413 1028 non
427 975 517 1028 dubiis
529 975 634 1044 poteris
648 990 814 1044 cognoscere
827 974 928 1041 signis:

198 1060 337 1116 Continuo
350 1068 392 1116 est
404 1064 495 1130 aegris
507 1063 576 1116 alius
588 1061 678 1130 color;
699 1061 813 1116 horride
826 1061 932 1115 voltum

197 1148 344 1204 Deformat
355 1152 471 1218 macies3
491 1156 550 1204 tum
565 1165 681 1219 corpora
692 1149 755 1202 luce
767 1154 910 1203 carentum

196 1235 354 1304 Expertant
366 1239 448 1291 tectis
460 1242 488 1291 et
500 1237 591 1291 tristia
604 1237 703 1290 lunera
715 1235 834 1303 ducunt;

197 1323 257 1376 Aut
268 1324 332 1377 illae
344 1324 460 1393 pedibus
472 1341 592 1378 conexae
604 1322 638 1377 ad
651 1323 747 1376 limina
759 1323 889 1392 pendent,

197 1410 257 1462 Aut
268 1411 344 1463 intus
356 1410 455 1465 clausis
468 1416 632 1464 cunctantur
646 1411 676 1463 in
689 1409 809 1478 aedibus,
825 1426 922 1464 omnes

197 1495 371 1566 Ignavaeque
383 1498 455 1552 farne
468 1505 496 1552 et
509 1505 652 1554 contracto
665 1499 767 1567 frigore
780 1499 882 1567 pigras.

197 1583 265 1636 Tum
279 1601 363 1638 sonus
376 1585 486 1639 auditur
498 1587 615 1654 gravior,
630 1587 796 1655 tractimque
808 1591 959 1655 susurrent,

197 1670 323 1737 Frigidus
335 1677 366 1726 ut
379 1674 517 1741 quondam
530 1674 606 1727 silvis
619 1675 812 1728 immurmurat
824 1675 942 1742 Auster3

196 1757 235 1810 Ut
247 1774 322 1812 mare
335 1759 480 1813 sollicitum
494 1761 587 1814 stridit
599 1761 778 1815 refluentibus
791 1761 886 1827 undis;

196 1844 314 1899 Aestuat
325 1851 356 1899 ut
369 1847 467 1900 clausis
478 1848 590 1916 rapidus
601 1849 761 1903 fornacibus
772 1849 879 1918 ignis-

195 1932 249 1986 Hic
261 1933 316 1987 iam
329 1933 476 2002 galbaneos
489 1935 609 1988 suadebo
620 1936 768 1991 incendere
781 1937 888 2006 odores,

195 2019 330 2089 Mellaque
342 2021 521 2075 harundineis
531 2023 637 2078 inferre
649 2027 797 2096 canalibus,
811 2029 886 2082 ultro

196 2107 362 2162 Hortantem
376 2114 405 2161 et
416 2111 500 2162 fessas
512 2111 546 2163 ad
558 2111 660 2179 pabula
672 2119 739 2168 nota
750 2123 904 2172 vocantem.

194 2194 323 2249 Proderit
335 2201 363 2249 et
376 2202 488 2249 tunsum
498 2197 585 2264 gallae
598 2200 748 2255 admiscere
761 2219 887 2272 saporem

196 2283 362 2352 Arentisque
375 2301 457 2352 rosae,
472 2290 520 2338 aut
532 2286 588 2352 igni
601 2288 715 2356 pinguia
726 2290 814 2346 mullo

194 2370 319 2439 Defruta,
334 2371 377 2424 vel
391 2372 493 2440 psithia
504 2389 599 2441 passos
611 2375 646 2429 de
659 2377 715 2430 vite
728 2395 851 2434 racemos

194 2456 414 2526 Cecropiumque
428 2459 552 2526 thymum
568 2467 596 2514 et
608 2479 691 2530 grave
707 2465 810 2520 olentia
823 2473 978 2523 centaurea

193 2543 244 2595 Est
257 2544 340 2597 etiarn
352 2544 404 2598 flos
415 2546 444 2598 in
456 2540 550 2615 pratis,
566 2551 609 2601 cui
623 2567 724 2605 nomen
734 2554 834 2607 arnello

193 2629 294 2684 Fecere
307 2632 450 2699 agricolae,
465 2634 554 2688 facilis
569 2639 764 2703 quaerentibus
777 2641 877 2707 berba;

193 2716 319 2787 Namque
333 2735 388 2772 uno
401 2719 541 2788 ingentem
554 2724 628 2778 tollit
640 2725 675 2780 de
687 2729 808 2796 caespite
819 2730 925 2798 silvam,

193 2804 302 2857 Aureus
315 2807 378 2875 ipse,
394 2807 441 2860 sed
454 2807 482 2860 in
496 2809 576 2878 foliis,
593 2828 662 2880 quae
675 2814 793 2882 plurima
806 2816 909 2870 circum

192 2891 363 2961 Funduntur‚
378 2895 467 2949 violae
480 2897 604 2953 sublucet
617 2918 737 2970 purpura
750 2905 861 2972 nigrae3

192 2978 279 3047 Saepe
292 2979 372 3034 deum
385 2984 464 3036 nexis
476 2991 590 3040 ornatae
603 2990 747 3058 torquibus
759 3008 838 3058 arae;

192 3063 282 3134 Asper
293 3067 322 3119 in
335 3085 383 3122 ore
396 3087 491 3139 sapor;
512 3073 600 3126 tonsis
611 3075 641 3127 in
654 3076 772 3131 vallibus
784 3079 862 3132 illum

190 3151 319 3206 Pastorcs
331 3161 360 3208 et
371 3173 456 3210 curva
468 3159 563 3226 legunt
575 3178 662 3230 prope
673 3162 788 3219 flumina
800 3166 908 3222 Mellae.

191 3238 281 3292 Huius
294 3241 410 3297 odorato
423 3245 529 3299 radices
540 3246 658 3316 incoque
671 3249 789 3314 Baccho,

190 3325 347 3396 Pabuluque
358 3330 388 3382 in
401 3330 508 3386 foribus
519 3334 609 3402 plenis
621 3353 729 3405 appone
741 3341 875 3395 canistris.

225 3413 279 3467 Sed
291 3414 407 3484 siquem
421 3419 512 3485 proles
525 3422 616 3475 subito
629 3423 762 3479 defecerit
774 3428 871 3495 omnis,

192 3497 256 3567 Nec,
271 3518 357 3568 genus
370 3503 442 3556 unde
456 3521 544 3560 novae
557 3508 649 3577 stirpis
663 3518 814 3582 revocetur,
830 3515 951 3584 babebit,
