2656 3940
425 241 562 291 vascua
585 241 751 290 auruleus
772 241 803 292 X.

100 405 244 460 Inclusum
256 405 333 460 buxo
346 408 394 458 aut
406 403 500 458 Oricia
512 403 672 458 terebintho

99 492 189 546 Lucet
202 492 287 560 ebur余
307 492 385 544 fusos
396 491 490 544 cervix
501 491 547 544 cui
559 491 648 544 lactes
659 491 743 545 crinis

100 578 218 646 Accipit
231 583 259 630 et
271 577 349 630 molli
361 577 502 632 subnectit
514 577 632 632 circulus
644 593 719 632 auro.

100 665 140 719 Te
153 681 265 734 qnoque
276 665 469 732 magnanimae
481 664 619 733 viderunt,
634 664 746 733 Ismara,
760 671 858 733 gentes

102 752 230 807 Volnera
242 752 374 820 derigere,
389 758 418 805 et
430 751 550 806 calamos
562 767 669 806 amare
682 768 798 820 veneno,

101 840 233 893 Maeonia
244 856 377 908 generose
389 838 480 905 domo,
494 839 540 892 ubi
555 839 667 907 pinguia
680 839 754 892 culta

99 927 295 996 Exercentque
307 928 368 990 viri,
382 927 564 996 Pactolusque
576 926 678 995 inrigat
693 943 768 980 auro.

100 1015 207 1069 Adfuit
219 1023 248 1069 et
260 1015 427 1080 Mnestheus,
442 1031 523 1084 quem
535 1013 606 1084 pulsi
619 1013 736 1082 pristina
747 1014 832 1068 Turni

101 1105 216 1172 Aggere
227 1119 386 1156 moerorum
398 1103 541 1156 sublimem
555 1100 642 1168 gloria
654 1101 735 1166 tollit,

100 1191 139 1244 Et
151 1191 261 1260 Oapys:
281 1191 347 1244 hinc
358 1207 459 1243 nomen
472 1189 630 1256 Oanrpanae
643 1187 754 1242 ducitur
764 1189 835 1242 urbi.

137 1278 184 1331 Illi
196 1279 269 1331 iuter
281 1294 340 1332 sese
352 1277 414 1330 duri
427 1277 575 1331 conamina
588 1274 652 1328 belli

101 1365 302 1420 Contuleraut:
324 1364 416 1419 media
428 1364 536 1418 Aeneoe
548 1364 620 1416 freta
632 1367 714 1416 nocte
730 1363 848 1417 secabat.

1 1499 2 1502 ,
101 1453 230 1522 Namque
244 1459 274 1506 ut
287 1453 322 1507 ab
336 1451 465 1506 Euandro
477 1452 574 1506 castris
584 1451 722 1517 ingressus
734 1449 858 1504 Etruscis

101 1541 208 1609 Regem
220 1539 286 1607 adit,
301 1545 330 1594 et
341 1539 400 1608 regi
412 1543 550 1592 memorat
561 1552 718 1605 nomenque
729 1553 877 1605 genusque,

102 1627 213 1693 Quidve
225 1632 309 1696 petat,
324 1627 424 1695 quidve
436 1627 495 1695 ipse
506 1627 587 1692 ferat,
603 1623 755 1678 Mezentius
769 1639 846 1678 mmo

101 1714 182 1781 Quae
194 1714 247 1768 sibi
259 1715 395 1783 conciliet,
409 1715 584 1782 violentaque
596 1718 710 1782 pectora
725 1710 811 1765 Turni

99 1803 217 1867 Educet,
233 1802 360 1856 humanis
372 1817 441 1870 quae
455 1802 491 1855 sit
503 1801 603 1855 fiducia
616 1802 704 1868 rebus,

100 1889 253 1956 Admonet,
267 1889 459 1958 immiscetque
470 1905 581 1957 preces:
601 1889 676 1942 haud
687 1888 720 1942 fit
732 1904 825 1955 mora3
846 1887 974 1942 Tarchon

100 1976 196 2044 Iungit
209 1992 283 2044 opes,
296 1977 450 2045 foedusque
461 1977 542 2043 ierit3
562 1980 621 2029 tum
633 1976 720 2030 bbere
731 1975 784 2029 rati

101 2064 224 2117 Classem
238 2063 396 2118 conscendit
407 2063 488 2118 iussis
500 2080 567 2131 gens
579 2063 667 2131 Lydia
681 2064 783 2134 divom,

100 2150 227 2205 Externo
240 2151 385 2204 commisse
396 2150 469 2205 duci.
507 2151 614 2205 Aeneia
625 2153 725 2221 puppis

99 2239 196 2293 Prima
207 2244 292 2305 tenet,
307 2243 398 2291 rostro
411 2238 548 2308 Phrygios
560 2239 705 2295 subiuncta
716 2241 811 2296 leones
821 2261 827 2309 余

98 2325 233 2380 Imminet
246 2325 296 2380 Ida
307 2342 397 2393 super,
411 2327 534 2394 profugis
546 2328 701 2394 gratismna
718 2328 837 2384 Teucris.

101 2414 154 2467 Hic
167 2429 283 2481 magnus
294 2413 370 2466 sedet
382 2414 500 2480 Aeneas,
514 2431 660 2484 secumque
674 2417 782 2471 volutat

98 2501 226 2556 Eventus
241 2500 304 2554 belli
317 2501 422 2567 varios3
442 2501 586 2569 Pallasque
602 2503 716 2557 sinistro

98 2588 220 2642 Adfixus
232 2588 312 2642 lateri
324 2588 380 2642 iam
393 2590 501 2657 quaerit
513 2590 609 2657 sidera,
625 2607 727 2659 opacae

98 2676 199 2730 Noctis
210 2677 271 2743 iter,
286 2676 341 2729 iam
354 2692 424 2744 quae
435 2693 530 2746 passus
543 2687 671 2748 terraque
683 2683 815 2751 marique.

133 2763 255 2817 Pandite
267 2779 341 2816 nune
354 2763 496 2831 Helicona,
511 2765 587 2832 deae,
602 2773 752 2837 cantusque
764 2777 882 2837 movete,

99 2850 177 2915 Quae
190 2867 289 2903 manus
301 2851 408 2904 interea
420 2850 515 2905 Tuscis
527 2853 675 2907 comitetur
687 2856 721 2909 ab
736 2856 792 2908 oris

97 2939 224 3005 Aenean,
238 2944 380 3006 armetque
392 2943 473 3006 rates,
488 2940 639 3008 pelagoque
651 2942 777 2996 vehatur.

132 3025 268 3079 Massicus
280 3024 377 3079 aerata
386 3027 516 3095 princeps
528 3033 602 3081 secat
615 3045 736 3097 aequora
747 3029 834 3098 Tigri:

97 3112 155 3166 snb
168 3129 223 3182 quo
237 3113 311 3166 mille
325 3129 423 3167 manus
435 3113 574 3182 iuvenum,
589 3115 634 3182 qui
648 3107 758 3170 m'oenia
770 3117 853 3182 Clusi,

98 3199 205 3268 Quique
218 3201 315 3253 urbem
331 3201 437 3270 liquere
451 3199 549 3262 Oosus余
572 3203 631 3270 quis
644 3203 699 3256 tela
712 3205 828 3272 sagittae

97 3287 252 3357 Gorytique
264 3289 340 3342 leves
352 3289 457 3341 umeris
469 3295 497 3342 et
509 3288 600 3342 letifer
616 3307 702 3344 arcus.

96 3373 158 3429 Una
169 3384 268 3430 torvus
277 3377 371 3440 Abas余
392 3375 457 3428 huie
471 3380 558 3429 totum
572 3377 726 3445 insignibus
738 3379 821 3432 armis

98 3463 202 3532 agmen
216 3471 246 3518 et
258 3469 357 3518 aurato
370 3462 494 3529 fulgebat
508 3463 638 3532 Apolline
650 3467 759 3534 puppis.

94 3551 238 3608 Sescentos
250 3553 290 3606 illi
304 3551 423 3605 dederat
436 3548 591 3618 Populonia
604 3557 691 3604 mater
