2668 3942
421 232 560 284 vanem
581 233 747 284 Acheloos
768 235 826 285 XII.

112 396 223 466 Iasides,
234 397 292 451 acri
305 395 446 466 qnondam
458 395 504 450 oui
516 399 612 464 captus
625 411 719 449 amore

110 485 174 553 Ipse
187 501 252 537 suas
265 484 341 552 artis,
352 499 403 537 111
414 498 538 549 munera,
549 481 637 536 laetus
649 482 752 551 Apollo

110 571 269 640 Augurium
282 571 470 639 citharamque
483 569 566 624 dabat
578 569 728 638 celerisque
739 570 863 638 sagittae.

109 659 167 726 llle,
181 663 214 712 ut
226 658 345 726 depositi
357 657 495 726 proferret
506 657 564 711 fata
574 658 707 726 parentis,

109 747 188 800 Scire
201 750 355 814 potestates
367 745 515 798 herbarum
527 761 662 814 usumque
674 745 803 800 medendi

105 834 210 910 ,1111111
223 839 252 887 11
265 839 356 886 mutae
369 832 475 900 agitare
486 832 620 900 inglorius
633 833 709 888 artis.

109 921 210 976 Stabat
223 920 325 974 acerba
335 920 465 989 tremens,
476 921 618 988 ingentem
630 920 713 974 nixus
724 921 753 974 in
766 921 873 976 11111111

108 1011 231 1077 Aeneas,
243 1023 344 1075 magno
356 1007 487 1060 iuvenum
500 1011 528 1062 et
539 1007 688 1062 maerentis
700 1007 753 1062 Inli

110 1096 265 1163 (loncursu,
277 1094 397 1148 lacrimis
408 1094 566 1150 immobilis.
603 1093 654 1148 Ille
666 1099 772 1150 1111111

108 1183 265 1237 Paeonium
277 1181 307 1235 in
317 1197 422 1235 morem
436 1182 529 1238 senior
541 1183 696 1236 succinctus
708 1184 819 1250 amictu,

109 1271 202 1325 Multa
214 1286 299 1324 mann
311 1269 418 1322 medica
429 1269 589 1338 Phoebique
601 1271 762 1339 potentibus
773 1271 867 1326 herbis

110 1358 290 1427 Nequiquam
302 1357 431 1426 trepidat,
442 1357 610 1426 nequiquam
622 1357 727 1426 spicula
738 1358 837 1414 dextra

83 1484 86 1488 -
110 1446 251 1501 Sollicitat
263 1451 429 1514 prensatque
442 1445 534 1499 tenaci
545 1445 653 1515 forcipe
665 1446 779 1500 ferrum.

109 1533 197 1588 Nulla
209 1534 283 1587 viam
297 1533 419 1588 Fortuna
432 1534 510 1602 regit,
523 1533 593 1587 nihil
606 1539 702 1588 auctor
714 1534 817 1603 Apollo

109 1621 265 1688 Subvenit3
285 1628 313 1674 et
326 1637 424 1676 saevus
436 1622 540 1690 campis
551 1626 638 1690 magis
651 1639 683 1676 ao
693 1622 779 1690 magis
791 1622 891 1676 horror

109 1711 278 1780 Crebrescit,
289 1713 455 1781 propiusque
467 1713 571 1766 malum
583 1722 632 1766 est.
671 1712 730 1766 Iam
742 1711 856 1780 pulvere
868 1711 973 1766 caelum

109 1799 192 1852 Stare
205 1798 309 1868 vident,
321 1800 491 1870 subeuntque
504 1801 618 1870 equites,
630 1805 658 1854 11
670 1799 775 1869 spicula
787 1799 885 1854 castris

109 1888 206 1942 Densa
218 1889 322 1943 cadunt
332 1890 445 1958 mediis3
465 1892 488 1944 it
501 1892 587 1946 tristis
599 1891 634 1944 ad
646 1891 759 1946 aethera
772 1890 876 1945 clamor

110 1977 273 2033 Bellantum
285 1980 417 2033 iuvenum
430 1986 458 2034 et
471 1981 539 2034 duro
552 1982 603 2034 sub
616 1980 705 2035 Marte
718 1979 874 2034 cadentum.

109 2065 164 2120 Hic
178 2067 283 2135 Venus,
295 2067 409 2136 indigno
420 2070 479 2123 nati
491 2085 623 2123 concussa
634 2068 736 2136 dolore,

109 2155 291 2211 Dictamnum
305 2158 428 2226 genetrix
442 2157 559 2213 Oretaea
571 2159 659 2228 carpit
671 2158 706 2212 ab
718 2157 776 2224 lde,

108 2243 266 2297 Puberibus
279 2245 383 2298 caulem
397 2246 470 2300 foliis
483 2252 511 2300 et
523 2246 591 2301 flore
604 2250 761 2302 comantem

108 2329 271 2399 Purpureo:
290 2348 347 2387 non
359 2333 406 2388 illa
418 2334 484 2387 feris
496 2335 637 2402 incognita
649 2335 738 2403 capris

109 2418 253 2486 Gramina,
264 2435 325 2473 oum
339 2426 418 2488 tergo
432 2421 556 2476 volucres
569 2423 683 2476 haesere
695 2423 820 2491 sagittae.

108 2505 171 2560 Hoc
184 2505 292 2574 Venus,
304 2508 420 2562 obscuro
433 2508 531 2562 faciem
544 2509 714 2564 circumdata
724 2511 828 2578 nimbo,

106 2592 234 2661 Detulit;
255 2593 308 2648 hoo
320 2594 412 2648 111111
422 2595 506 2650 labris
518 2596 725 2664 splendentibus
737 2613 847 2650 amnem

107 2680 210 2742 1111111,
223 2680 330 2735 occulte
341 2682 489 2751 medicans,
504 2683 661 2752 spargitque
673 2684 790 2738 salubris

106 2767 276 2821 Ambrosias
288 2785 367 2822 sucos
379 2773 407 2822 et
420 2769 587 2823 odoriferam
601 2785 758 2838 panaceam.

106 2853 190 2907 Fovit
203 2871 236 2908 ea
249 2854 347 2908 volnus
358 2855 473 2925 lympha
487 2856 638 2924 longaevus
650 2857 724 2926 Iapis

106 2940 251 3008 Ignorans,
263 2942 407 3012 subitoque
419 2942 510 2997 omnis
521 2943 556 2996 de
568 2959 684 3012 corpore
695 2945 765 3012 sugit

107 3027 217 3096 Quippe
230 3027 318 3095 dolor,
330 3029 420 3083 omnis
432 3030 510 3084 stetit
521 3030 578 3084 imo
590 3029 703 3085 volnere
716 3032 833 3100 sanguis.

106 3114 220 3184 Iamque
233 3121 327 3170 secuta
339 3134 459 3186 manum,
471 3117 548 3172 nullo
560 3124 684 3187 cogente,
695 3119 795 3188 sagitta

105 3201 227 3272 Excidit,
239 3209 321 3273 atque
334 3221 424 3259 novae
437 3204 543 3259 rediere
554 3205 583 3257 in
596 3205 712 3274 pristina
724 3207 804 3260 vires.

109 3289 222 3344 “Arma
234 3290 282 3344 citi
295 3297 444 3360 properate
457 3291 531 3347 virol
553 3292 618 3360 quid
631 3292 728 3346 statisl
737 3293 754 3320 ''
773 3293 846 3362 lapis

107 3375 277 3447 Conclamat,
292 3379 451 3448 primusque
465 3379 571 3434 animos
585 3380 710 3434 accendit
722 3381 751 3434 in
763 3381 880 3435 hostem.

108 3465 127 3492 “
135 3463 162 3516 N
163 3481 197 3518 on
210 3465 279 3520 haec
291 3465 422 3520 humanis
435 3465 540 3534 opibus,
554 3483 612 3520 non
625 3471 684 3521 arte
696 3468 826 3535 magistra

106 3550 286 3620 Proveninnt,
300 3570 391 3623 neque
402 3557 439 3623 te,
453 3553 559 3622 Aenea,
573 3569 635 3608 mea
647 3554 761 3608 dextera
773 3558 881 3620 servatz,
