2706 3938
416 207 554 258 vultum
578 209 743 258 AENEIDOS
765 210 809 260 vi.

113 367 167 424 Nec
174 386 241 424 vero
254 370 366 425 Alcides
378 374 485 424 tantum
499 369 606 425 telluris
619 371 714 439 obivit,

113 455 210 510 Firerit
222 457 380 526 aeripedem
394 474 503 512 cervam
517 457 589 525 lieet,
605 465 653 512 aut
665 459 832 526 Erymanthi

113 543 214 597 Pacarit
226 561 349 612 nemora,
366 550 395 598 et
407 545 523 600 Lernam
537 545 723 599 tremefecerit
734 563 813 608 arcu:

113 627 173 698 Nec,
187 631 233 698 qui
246 631 398 700 pampineis
411 632 500 685 victor
511 632 576 700 iuga
588 632 675 686 flectit
688 632 810 701 habenis,

112 715 193 784 Liber,
207 734 292 786 agens
304 717 376 772 celso
390 716 482 785 Nysae
496 718 530 772 de
544 719 647 772 vertice
661 719 745 786 tigris.

111 802 144 856 Et
154 804 312 859 dubitamus
324 805 414 858 adhuc
427 805 559 858 virtutem
571 806 720 860 extendere
733 807 819 875 factis,

110 890 164 945 Aut
175 898 266 946 metus
281 893 403 946 Ausonia
415 892 545 961 prohibet
558 893 708 946 consistere
720 895 810 948 terrai

111 977 171 1042 Quis
182 980 280 1048 procul
293 979 338 1034 ille
351 988 443 1034 autem
455 980 539 1034 ramis
553 980 668 1048 insignis
681 979 770 1034 olivae

110 1063 187 1120 Sacra
197 1067 309 1121 serensi
322 1101 330 1115 .
345 1065 438 1120 Nosco
451 1067 535 1120 crinis
547 1067 700 1136 incanaque
713 1071 808 1122 ments

109 1150 186 1222 Regis
197 1153 326 1221 Romani,
341 1153 457 1222 primam
472 1155 518 1222 qui
533 1153 640 1222 legibus
652 1155 749 1208 urbem

109 1238 247 1309 Fundabit,
264 1240 386 1294 (iuribus
398 1241 491 1310 parvis
503 1246 532 1294 et
545 1258 664 1310 paupere
678 1249 752 1298 terra

109 1325 201 1382 Missus
212 1329 242 1382 in
252 1328 400 1396 imperium
413 1344 552 1396 magnum.
590 1329 642 1382 dui
655 1329 754 1384 deinde
767 1331 878 1398 subibit,

109 1416 167 1472 Otia
178 1420 225 1488 qui
237 1425 351 1488 rumpet
362 1420 468 1488 patriae
480 1420 636 1489 residesque
648 1423 771 1476 movebit

109 1503 194 1560 Tullus
206 1508 236 1561 in
250 1524 330 1562 arma
342 1508 417 1562 viros
429 1512 457 1562 ct
469 1508 525 1563 iam
538 1507 652 1562 desueta
663 1510 813 1578 triumphis

108 1592 230 1660 Agmina.
270 1593 362 1660 Quem
375 1595 454 1650 iuxta
465 1596 589 1664 sequitur
601 1596 748 1650 iactantior
760 1597 864 1663 Ancus,

109 1679 183 1738 Nunc
195 1700 307 1753 quoque
321 1684 375 1736 iam
389 1682 502 1737 nimium
515 1683 638 1751 gaudens
651 1684 829 1753 popularibus
842 1685 922 1738 auris

108 1768 155 1823 Vis
166 1777 193 1826 et
205 1771 373 1840 Tarquinios
386 1787 472 1838 reges,
488 1771 662 1839 animamque
675 1772 821 1840 superbam

108 1855 208 1912 Ultoris
221 1858 311 1926 Bruti,
328 1859 469 1925 fascesque
483 1857 577 1912 videre
589 1859 734 1927 receptos?

109 1943 228 1999 Consulis
241 1947 389 2015 imperium
403 1944 447 1998 hic
459 1944 563 2014 primus
575 1961 723 2015 saevasque
736 1962 845 2000 secures

108 2033 235 2104 Accipiet,
250 2043 387 2103 natosque
399 2039 478 2102 pater
490 2051 563 2088 nova
575 2033 648 2089 bella
660 2034 797 2088 moventis

108 2122 148 2174 Ad
160 2139 278 2191 poenam
291 2122 408 2191 pulchra
420 2137 471 2190 pro
484 2121 614 2176 libertate
627 2122 746 2189 vocabit,

108 2207 213 2266 infelix!
253 2212 411 2280 Utcumque
423 2213 514 2266 ferent
527 2228 560 2267 ea
571 2212 645 2266 facta
657 2211 785 2278 minores,

109 2295 202 2353 Vincet
215 2317 296 2354 amor
308 2300 416 2368 patriae
429 2299 596 2368 laudumque
607 2300 743 2353 immensa
755 2299 864 2368 cupido.

109 2382 173 2448 Quin
186 2386 288 2442 Decios
300 2386 462 2456 Drusosque
474 2387 570 2455 procul
584 2403 749 2456 saevumque
762 2388 850 2441 securi

107 2471 201 2540 Aspice
213 2473 387 2543 Torquatum
400 2480 428 2527 et
440 2474 606 2528 referentem
618 2474 698 2543 signa
710 2473 864 2528 Camillum.

108 2556 167 2613 illae
178 2567 280 2628 antem,
295 2560 409 2630 paribus
422 2579 489 2630 quas
500 2561 605 2631 fulgere
617 2564 707 2616 cernis
718 2563 748 2615 in
760 2562 850 2628 arinis,

108 2644 258 2702 Concordes
271 2649 382 2702 animae
394 2664 468 2703 nunc
480 2656 508 2702 et
521 2649 586 2702 dum
598 2654 682 2704 nocte
694 2656 866 2718 premuntur,

108 2731 163 2787 Heu
175 2743 310 2804 quantum
325 2735 399 2789 inter
411 2753 440 2790 se
453 2736 562 2805 bellum,
577 2738 600 2790 si
612 2737 718 2792 lumina
729 2737 803 2792 vitae
826 2731 842 2752 χ

108 2821 261 2892 Attigeriut
277 2829 397 2893 quantas
411 2823 482 2878 acies
496 2831 671 2893 stragemque
684 2825 814 2878 ciebunt!

108 2908 255 2977 Aggeribus
267 2927 348 2964 socer
363 2909 471 2978 Alpinis
483 2918 565 2980 atque
577 2928 640 2965 arce
652 2910 777 2966 Monoeci

108 2993 283 3064 Descendens,
299 3014 385 3066 gener
398 2998 520 3052 adversis
532 2998 683 3052 instructus
695 2998 769 3053 cha.

108 3079 153 3150 Ne,
166 3086 251 3153 pueri,
266 3102 304 3138 ne
317 3089 396 3139 tauta
409 3085 508 3139 animis
522 3085 674 3140 adsuescite
687 3086 765 3154 bella,

108 3166 164 3223 Neu
174 3174 282 3240 patriae
296 3172 402 3226 validas
414 3172 444 3226 in
456 3173 561 3228 viscera
573 3174 673 3227 vertite
686 3173 767 3239 viris3

108 3253 195 3327 Tuque
206 3261 293 3329 prior,
309 3267 441 3332 tulparce,
455 3276 542 3328 genus
555 3260 601 3328 qui
614 3260 691 3314 ducis
704 3260 832 3330 Olympo,

108 3340 197 3399 Proice
208 3348 266 3401 tela
278 3363 373 3414 manu,
388 3347 500 3414 sangnis
512 3347 605 3400 meus!

109 3427 153 3485 ille
165 3433 337 3504 triumphata
351 3433 490 3502 Capitolia
503 3433 538 3488 ad
551 3433 606 3488 alta
620 3425 756 3489 Corintho

108 3513 201 3572 Victor
211 3527 275 3590 aget
288 3537 407 3586 currum¹
425 3521 510 3576 caesis
522 3520 637 3587 insignis
650 3521 774 3576 Achivis.
