2668 3942
514 212 652 266 VERGlLl
675 211 840 260 nunninus
863 211 919 260 XII.

209 374 366 444 Numquam
378 374 477 428 fronde
489 374 545 428 leri
557 373 658 427 fundet
672 373 791 441 virgulta
802 390 854 426 nec
868 374 986 441 umbras,

209 463 279 515 (lum
293 462 377 516 semel
388 463 419 514 in
431 462 507 516 silvis
519 462 577 514 imo
590 462 624 514 de
638 461 723 530 stirpe
736 461 852 514 recisum

208 549 296 603 Matre
309 556 392 618 caret,
408 550 551 618 posuitque
564 565 656 603 comas
669 554 697 601 et
710 548 839 601 bracchia
850 549 935 613 ferre,

208 637 281 690 Olim
295 638 393 704 arbos,
413 653 487 690 nnnc
501 635 614 690 artificis
625 651 723 690 manus
736 651 797 688 aere
810 634 911 688 decoro

207 723 330 791 inclusit,
345 724 523 793 patribusque
536 723 613 776 dedit
625 728 732 790 gestare
744 721 877 776 Latinis.’'

207 811 317 864 Talibus
329 812 402 865 inter
414 828 442 864 se
454 810 602 864 firmabant
613 810 729 863 foedera
740 808 821 862 dictis

208 898 364 966 Conspectu
377 899 406 950 in
420 897 511 951 medio
526 914 678 966 procerum.
716 897 786 950 Tum
799 899 851 952 rite
864 903 984 952 sacratas

206 985 240 1039 In
253 985 391 1039 flammam
404 983 531 1052 iugulant
543 985 671 1054 pecudes,
687 990 715 1037 et
728 985 833 1040 viscora
846 986 915 1039 vivis

207 1073 342 1142 Eripiunt,
358 1073 552 1141 cumulantque
567 1074 688 1127 oneratis
700 1075 826 1128 lancibus
838 1091 907 1128 aras.

243 1163 282 1214 At
295 1179 361 1215 vero
374 1161 485 1215 Rutulis
496 1161 585 1228 impar
599 1178 631 1214 ea
643 1179 736 1231 pugne
748 1162 837 1216 videri

207 1248 379 1318 Iamdudum,
394 1256 422 1305 et
437 1250 512 1302 vario
525 1251 634 1303 misceri
647 1256 762 1319 pectora
773 1255 866 1318 motu,

207 1337 276 1390 Tum
290 1338 383 1404 magis,
399 1349 430 1390 ut
442 1337 554 1405 propius
567 1343 686 1390 cernunt
698 1354 754 1390 non
767 1337 871 1390 viribus
883 1335 986 1405 aequis.

207 1424 331 1478 Adiuvat
343 1425 450 1478 incessu
464 1427 550 1479 tacito
562 1441 722 1494 progressus
735 1431 763 1478 et
776 1441 852 1478 aram

207 1513 373 1581 Suppliciter
386 1530 521 1568 venerans
534 1513 652 1567 demisso
664 1512 768 1565 lumine
781 1511 896 1578 Turnus,

207 1601 395 1669 Tabentesque
408 1617 494 1668 genae
507 1605 536 1652 et
548 1600 668 1653 iuvenali
681 1600 711 1653 in
724 1615 838 1666 corpore
851 1598 948 1667 pallor.

207 1688 295 1753 Quem
309 1689 390 1741 sirnul
402 1705 434 1742 ao
447 1689 563 1741 Iuturna
575 1705 654 1741 soror
666 1689 840 1742 crebrescere
852 1686 922 1739 vidit

207 1774 375 1842 Sermonem,
391 1781 418 1828 et
431 1774 504 1842 volgi
518 1775 623 1829 variare
636 1774 758 1828 labantia
770 1774 861 1842 corda,

206 1862 239 1915 Iu
252 1864 356 1917 medias
370 1863 448 1932 acies,
462 1864 583 1916 formam
597 1862 761 1915 adsimulata
774 1861 942 1928 Camerti,-

207 1951 259 2004 (lui
272 1969 357 2020 genus
369 1968 386 2005 a
397 1951 509 2020 proavis
521 1951 625 2018 ingens,
640 1949 799 2018 clarumque
812 1955 942 2017 paternae

206 2039 317 2096 Nomen
329 2046 389 2095 erat
402 2039 522 2107 virtutis,
537 2047 564 2091 et
577 2038 636 2106 ipse
650 2037 800 2091 acerrimus
813 2036 933 2090 armis-

206 2129 239 2184 In
252 2131 356 2184 medius
369 2130 418 2184 dat
430 2144 489 2182 sese
502 2127 582 2190 acies,
597 2125 671 2179 haud
686 2124 778 2178 nescia
790 2140 890 2191 rerum,

206 2218 395 2287 Rumoresque
408 2217 474 2270 serit
487 2214 588 2280 varios,
604 2229 635 2266 ao
648 2212 714 2265 talia
726 2212 817 2266 fatur:

208 2308 224 2334 “
235 2305 262 2358 N
264 2323 300 2360 on
313 2307 406 2375 pudet,
421 2322 438 2359 o
452 2303 557 2372 Rutuli,
572 2319 623 2371 pro
637 2299 744 2354 cunctis
756 2298 857 2352 talibus
869 2314 952 2351 unam

206 2393 352 2448 Obiectare
366 2393 503 2448 animam?
522 2404 675 2444 numerone
688 2404 723 2441 an
736 2385 840 2439 viribus
853 2385 932 2454 ecqui

206 2479 272 2534 Non
285 2481 397 2534 surnusl
433 2480 485 2548 En,
500 2495 594 2533 omnes
608 2481 636 2530 et
649 2475 733 2527 Troes
746 2479 774 2526 et
787 2473 911 2526 Arcades
922 2471 953 2524 hi
965 2477 1038 2539 sunt,

205 2566 227 2618 F
229 2567 361 2636 atalisque
374 2584 478 2634 manus,
491 2567 599 2620 infensa
611 2563 724 2617 Etruria
735 2561 836 2614 Turno.

206 2653 264 2706 Vix
276 2654 393 2723 hostem,
408 2655 506 2708 alterni
520 2653 543 2706 si
556 2651 775 2718 congrediamur,
789 2648 931 2701 habemus.

206 2739 256 2794 Ille
269 2741 379 2809 quidem
392 2741 426 2794 ad
439 2757 559 2810 superos,
575 2755 691 2808 quorum
705 2754 733 2791 se
747 2737 865 2789 devovet
877 2734 939 2802 cris,

206 2827 341 2882 Suooedet
353 2829 435 2895 fama,
451 2829 584 2895 vivusque
597 2843 647 2895 per
660 2842 709 2878 ora
720 2825 843 2890 feretum

206 2914 271 2982 Nos,
286 2916 376 2984 patria
389 2916 495 2980 amissa,
509 2914 629 2968 dominis
641 2929 738 2981 parere
750 2910 875 2980 superbis

206 3001 352 3070 Oogemnr,
367 3003 414 3071 qui
427 3019 500 3055 nunc
512 3001 579 3055 lenti
594 2999 768 3054 consedimus
781 2997 882 3052 arvis.”

205 3089 316 3143 Talibus
328 3090 440 3144 incensa
452 3095 494 3142 est
506 3089 636 3141 iuvenum
649 3085 787 3140 sententia
798 3084 881 3138 dictis

205 3174 263 3229 lam
279 3177 365 3245 magis
378 3183 459 3244 atque
472 3175 566 3244 magis,
581 3175 721 3243 serpitque
734 3189 784 3240 per
796 3172 906 3240 agmina
917 3188 1044 3226 murmur
1055 3191 1061 3240 ;

206 3262 261 3330 Ipsi
274 3263 425 3317 Laurentes
438 3263 536 3316 mutati
550 3262 657 3330 ipsique
670 3261 769 3314 Latini.

206 3348 261 3412 Qui
274 3350 324 3401 sibi
336 3351 391 3403 iarn
404 3351 526 3418 requiem
539 3366 648 3418 pugnae
660 3348 797 3415 rebusque
810 3347 926 3402 salutem

206 3434 367 3502 Sperabant,
382 3452 456 3489 nunc
469 3453 545 3489 arma
558 3435 664 3500 volunt,
676 3434 827 3502 foedusque
839 3438 988 3502 precantur

206 3518 351 3588 Infectum,
365 3525 394 3574 et
406 3521 492 3574 Turni
504 3529 607 3576 sortem
619 3523 785 3575 miserantur
798 3521 930 3589 iniquam.

1176 3263 1228 3314 240
