<?xml version="1.0" encoding="UTF-8"?>
<!DOCTYPE html PUBLIC "-//W3C//DTD XHTML 1.0 Transitional//EN"
    "http://www.w3.org/TR/xhtml1/DTD/xhtml1-transitional.dtd">
<html xmlns="http://www.w3.org/1999/xhtml" xml:lang="en" lang="en">
 <head>
  <title>
</title>
<meta http-equiv="Content-Type" content="text/html;charset=utf-8" />
  <meta name='ocr-system' content='tesseract 3.04.00' />
  <meta name='ocr-capabilities' content='ocr_page ocr_carea ocr_par ocr_line ocrx_word'/>
</head>
<body>
  <div class='ocr_page' id='page_1' title='image "./arevisedtextpoe00virggoog_0385.png"; bbox 0 0 2668 3942; ppageno 0'>
   <div class='ocr_carea' id='block_1_1' title="bbox 429 215 835 268">
    <p class='ocr_par' dir='ltr' id='par_1_1' title="bbox 429 215 835 268">
     <span class='ocr_line' id='line_1_1' title="bbox 429 215 835 268; baseline -0.002 0"><span class='ocrx_word' id='word_1_1' title='bbox 429 217 567 268; x_wconf 76' lang='lat' dir='ltr'>VERGILI</span> <span class='ocrx_word' id='word_1_2' title='bbox 591 215 755 266; x_wconf 70' lang='lat' dir='ltr'>saturnos</span> <span class='ocrx_word' id='word_1_3' title='bbox 777 216 835 267; x_wconf 84' lang='lat' dir='ltr'>XII.</span> 
     </span>
    </p>
   </div>
   <div class='ocr_carea' id='block_1_2' title="bbox 81 377 1139 3518">
    <p class='ocr_par' dir='ltr' id='par_1_2' title="bbox 117 377 740 448">
     <span class='ocr_line' id='line_1_2' title="bbox 117 377 740 448; baseline 0.003 -17"><span class='ocrx_word' id='word_1_4' title='bbox 117 377 176 432; x_wconf 89' lang='lat' dir='ltr'>Has</span> <span class='ocrx_word' id='word_1_5' title='bbox 187 379 264 432; x_wconf 90' lang='lat' dir='ltr'>inter</span> <span class='ocrx_word' id='word_1_6' title='bbox 276 397 367 447; x_wconf 83' lang='lat' dir='ltr'>voees,</span> <span class='ocrx_word' id='word_1_7' title='bbox 378 380 470 434; x_wconf 80' lang='lat' dir='ltr'>media</span> <span class='ocrx_word' id='word_1_8' title='bbox 483 381 557 434; x_wconf 87' lang='lat' dir='ltr'>inter</span> <span class='ocrx_word' id='word_1_9' title='bbox 569 379 636 434; x_wconf 83' lang='lat' dir='ltr'>talia</span> <span class='ocrx_word' id='word_1_10' title='bbox 649 381 740 448; x_wconf 86' lang='lat' dir='ltr'>verba,</span> 
     </span>
    </p>

    <p class='ocr_par' dir='ltr' id='par_1_3' title="bbox 116 465 766 536">
     <span class='ocr_line' id='line_1_3' title="bbox 116 465 766 536; baseline 0.005 -19"><span class='ocrx_word' id='word_1_11' title='bbox 116 465 199 534; x_wconf 85' lang='lat' dir='ltr'>ane,</span> <span class='ocrx_word' id='word_1_12' title='bbox 211 466 273 520; x_wconf 89' lang='lat' dir='ltr'>viro</span> <span class='ocrx_word' id='word_1_13' title='bbox 286 466 406 520; x_wconf 91' lang='lat' dir='ltr'>stridens</span> <span class='ocrx_word' id='word_1_14' title='bbox 418 467 469 520; x_wconf 86' lang='lat' dir='ltr'>alia</span> <span class='ocrx_word' id='word_1_15' title='bbox 480 467 594 536; x_wconf 76' lang='lat' dir='ltr'><strong>adlapsa</strong></span> <span class='ocrx_word' id='word_1_16' title='bbox 605 468 705 534; x_wconf 77' lang='lat' dir='ltr'>sagitta</span> <span class='ocrx_word' id='word_1_17' title='bbox 716 473 766 536; x_wconf 88' lang='lat' dir='ltr'>est,</span> 
     </span>
    </p>

    <p class='ocr_par' dir='ltr' id='par_1_4' title="bbox 117 551 839 624">
     <span class='ocr_line' id='line_1_4' title="bbox 117 551 839 624; baseline 0.006 -20"><span class='ocrx_word' id='word_1_18' title='bbox 117 551 270 616; x_wconf 78' lang='lat' dir='ltr'>Incertum,</span> <span class='ocrx_word' id='word_1_19' title='bbox 286 570 340 621; x_wconf 85' lang='lat' dir='ltr'>qua</span> <span class='ocrx_word' id='word_1_20' title='bbox 351 554 430 622; x_wconf 87' lang='lat' dir='ltr'>pulsa</span> <span class='ocrx_word' id='word_1_21' title='bbox 442 570 533 622; x_wconf 88' lang='lat' dir='ltr'>manu,</span> <span class='ocrx_word' id='word_1_22' title='bbox 544 571 599 623; x_wconf 92' lang='lat' dir='ltr'>quo</span> <span class='ocrx_word' id='word_1_23' title='bbox 612 554 722 607; x_wconf 77' lang='lat' dir='ltr'>turbine</span> <span class='ocrx_word' id='word_1_24' title='bbox 734 554 839 624; x_wconf 78' lang='lat' dir='ltr'>adnata,</span> 
     </span>
    </p>

    <p class='ocr_par' dir='ltr' id='par_1_5' title="bbox 118 637 813 710">
     <span class='ocr_line' id='line_1_5' title="bbox 118 637 813 710; baseline 0.007 -21"><span class='ocrx_word' id='word_1_25' title='bbox 118 637 188 701; x_wconf 84' lang='lat' dir='ltr'>Quis</span> <span class='ocrx_word' id='word_1_26' title='bbox 201 643 308 692; x_wconf 88' lang='lat' dir='ltr'>tantam</span> <span class='ocrx_word' id='word_1_27' title='bbox 322 639 433 693; x_wconf 78' lang='lat' dir='ltr'>Rutulis</span> <span class='ocrx_word' id='word_1_28' title='bbox 444 639 561 710; x_wconf 85' lang='lat' dir='ltr'>leudem,</span> <span class='ocrx_word' id='word_1_29' title='bbox 574 657 688 694; x_wconf 78' lang='lat' dir='ltr'>casusne</span> <span class='ocrx_word' id='word_1_30' title='bbox 701 641 813 709; x_wconf 85' lang='lat' dir='ltr'>deusne,</span> 
     </span>
    </p>

    <p class='ocr_par' dir='ltr' id='par_1_6' title="bbox 117 725 753 797">
     <span class='ocr_line' id='line_1_6' title="bbox 117 725 753 797; baseline 0.008 -21"><span class='ocrx_word' id='word_1_31' title='bbox 117 725 270 792; x_wconf 89' lang='lat' dir='ltr'>Attulerit;</span> <span class='ocrx_word' id='word_1_32' title='bbox 291 743 385 794; x_wconf 83' lang='lat' dir='ltr'>pressa</span> <span class='ocrx_word' id='word_1_33' title='bbox 396 733 438 780; x_wconf 89' lang='lat' dir='ltr'>est</span> <span class='ocrx_word' id='word_1_34' title='bbox 452 727 566 796; x_wconf 85' lang='lat' dir='ltr'>insignis</span> <span class='ocrx_word' id='word_1_35' title='bbox 576 727 666 796; x_wconf 75' lang='lat' dir='ltr'>gloriis</span> <span class='ocrx_word' id='word_1_36' title='bbox 679 728 753 797; x_wconf 82' lang='lat' dir='ltr'>faeti,</span> 
     </span>
    </p>

    <p class='ocr_par' dir='ltr' id='par_1_7' title="bbox 116 811 792 884">
     <span class='ocr_line' id='line_1_7' title="bbox 116 811 792 884; baseline 0.009 -20"><span class='ocrx_word' id='word_1_37' title='bbox 116 811 179 865; x_wconf 87' lang='lat' dir='ltr'>Neo</span> <span class='ocrx_word' id='word_1_38' title='bbox 192 829 251 866; x_wconf 88' lang='lat' dir='ltr'>sese</span> <span class='ocrx_word' id='word_1_39' title='bbox 264 813 374 867; x_wconf 89' lang='lat' dir='ltr'>Aeneae</span> <span class='ocrx_word' id='word_1_40' title='bbox 387 815 502 868; x_wconf 80' lang='lat' dir='ltr'>laetavit</span> <span class='ocrx_word' id='word_1_41' title='bbox 513 815 628 868; x_wconf 88' lang='lat' dir='ltr'>volnere</span> <span class='ocrx_word' id='word_1_42' title='bbox 641 815 792 884; x_wconf 88' lang='lat' dir='ltr'>quisquam.</span> 
     </span>
    </p>

    <p class='ocr_par' dir='ltr' id='par_1_8' title="bbox 116 899 815 971">
     <span class='ocr_line' id='line_1_8' title="bbox 116 899 815 971; baseline 0.01 -20"><span class='ocrx_word' id='word_1_43' title='bbox 116 899 236 968; x_wconf 87' lang='lat' dir='ltr'>Turnus,</span> <span class='ocrx_word' id='word_1_44' title='bbox 247 908 279 954; x_wconf 91' lang='lat' dir='ltr'>ut</span> <span class='ocrx_word' id='word_1_45' title='bbox 293 902 408 956; x_wconf 78' lang='lat' dir='ltr'>Aenean</span> <span class='ocrx_word' id='word_1_46' title='bbox 421 902 565 956; x_wconf 82' lang='lat' dir='ltr'>cedentem</span> <span class='ocrx_word' id='word_1_47' title='bbox 576 919 611 956; x_wconf 86' lang='lat' dir='ltr'>ex</span> <span class='ocrx_word' id='word_1_48' title='bbox 623 904 732 971; x_wconf 82' lang='lat' dir='ltr'>agmine</span> <span class='ocrx_word' id='word_1_49' title='bbox 744 904 815 958; x_wconf 83' lang='lat' dir='ltr'>vidit</span> 
     </span>
    </p>

    <p class='ocr_par' dir='ltr' id='par_1_9' title="bbox 116 987 815 1060">
     <span class='ocr_line' id='line_1_9' title="bbox 116 987 815 1060; baseline 0.007 -20"><span class='ocrx_word' id='word_1_50' title='bbox 116 987 309 1057; x_wconf 83' lang='lat' dir='ltr'>Turbatosque</span> <span class='ocrx_word' id='word_1_51' title='bbox 321 989 412 1058; x_wconf 86' lang='lat' dir='ltr'>duees,</span> <span class='ocrx_word' id='word_1_52' title='bbox 421 990 514 1044; x_wconf 81' lang='lat' dir='ltr'>subita</span> <span class='ocrx_word' id='word_1_53' title='bbox 526 1007 576 1058; x_wconf 92' lang='lat' dir='ltr'>spe</span> <span class='ocrx_word' id='word_1_54' title='bbox 588 990 710 1044; x_wconf 80' lang='lat' dir='ltr'>fervidus</span> <span class='ocrx_word' id='word_1_55' title='bbox 722 992 815 1060; x_wconf 85' lang='lat' dir='ltr'>ardet;</span> 
     </span>
    </p>

    <p class='ocr_par' dir='ltr' id='par_1_10' title="bbox 115 1075 880 1149">
     <span class='ocr_line' id='line_1_10' title="bbox 115 1075 880 1149; baseline 0.009 -21"><span class='ocrx_word' id='word_1_56' title='bbox 115 1075 214 1129; x_wconf 81' lang='lat' dir='ltr'>Poscit</span> <span class='ocrx_word' id='word_1_57' title='bbox 225 1093 310 1145; x_wconf 89' lang='lat' dir='ltr'>equos</span> <span class='ocrx_word' id='word_1_58' title='bbox 322 1085 406 1145; x_wconf 87' lang='lat' dir='ltr'>atque</span> <span class='ocrx_word' id='word_1_59' title='bbox 418 1078 595 1146; x_wconf 86' lang='lat' dir='ltr'>armasimul,</span> <span class='ocrx_word' id='word_1_60' title='bbox 608 1079 733 1148; x_wconf 78' lang='lat' dir='ltr'>saltuque</span> <span class='ocrx_word' id='word_1_61' title='bbox 744 1082 880 1149; x_wconf 84' lang='lat' dir='ltr'>superbus</span> 
     </span>
    </p>

    <p class='ocr_par' dir='ltr' id='par_1_11' title="bbox 114 1163 848 1232">
     <span class='ocr_line' id='line_1_11' title="bbox 114 1163 848 1232; baseline 0.01 -17"><span class='ocrx_word' id='word_1_62' title='bbox 114 1163 228 1216; x_wconf 81' lang='lat' dir='ltr'><strong>Emicat</strong></span> <span class='ocrx_word' id='word_1_63' title='bbox 239 1164 268 1216; x_wconf 92' lang='lat' dir='ltr'>in</span> <span class='ocrx_word' id='word_1_64' title='bbox 282 1180 401 1232; x_wconf 87' lang='lat' dir='ltr'>ourrnm,</span> <span class='ocrx_word' id='word_1_65' title='bbox 415 1170 442 1217; x_wconf 91' lang='lat' dir='ltr'>et</span> <span class='ocrx_word' id='word_1_66' title='bbox 453 1165 581 1218; x_wconf 88' lang='lat' dir='ltr'>manibus</span> <span class='ocrx_word' id='word_1_67' title='bbox 592 1167 707 1220; x_wconf 88' lang='lat' dir='ltr'>molitur</span> <span class='ocrx_word' id='word_1_68' title='bbox 719 1168 848 1222; x_wconf 79' lang='lat' dir='ltr'>habenas,</span> 
     </span>
    </p>

    <p class='ocr_par' dir='ltr' id='par_1_12' title="bbox 115 1249 811 1323">
     <span class='ocr_line' id='line_1_12' title="bbox 115 1249 811 1323; baseline 0.01 -20"><span class='ocrx_word' id='word_1_69' title='bbox 115 1249 208 1304; x_wconf 85' lang='lat' dir='ltr'>Multa</span> <span class='ocrx_word' id='word_1_70' title='bbox 218 1251 309 1304; x_wconf 84' lang='lat' dir='ltr'>virum</span> <span class='ocrx_word' id='word_1_71' title='bbox 322 1251 442 1306; x_wconf 87' lang='lat' dir='ltr'>volitans</span> <span class='ocrx_word' id='word_1_72' title='bbox 454 1251 502 1306; x_wconf 86' lang='lat' dir='ltr'>dat</span> <span class='ocrx_word' id='word_1_73' title='bbox 513 1253 599 1307; x_wconf 86' lang='lat' dir='ltr'>fortia</span> <span class='ocrx_word' id='word_1_74' title='bbox 608 1271 727 1323; x_wconf 73' lang='lat' dir='ltr'>corpora</span> <span class='ocrx_word' id='word_1_75' title='bbox 739 1256 811 1322; x_wconf 77' lang='lat' dir='ltr'>let03</span> 
     </span>
    </p>

    <p class='ocr_par' dir='ltr' id='par_1_13' title="bbox 115 1339 768 1412">
     <span class='ocr_line' id='line_1_13' title="bbox 115 1339 768 1412; baseline 0.009 -20"><span class='ocrx_word' id='word_1_76' title='bbox 115 1339 270 1393; x_wconf 84' lang='lat' dir='ltr'>Semineeis</span> <span class='ocrx_word' id='word_1_77' title='bbox 283 1341 369 1395; x_wconf 89' lang='lat' dir='ltr'>volvit</span> <span class='ocrx_word' id='word_1_78' title='bbox 381 1343 491 1411; x_wconf 89' lang='lat' dir='ltr'>multos,</span> <span class='ocrx_word' id='word_1_79' title='bbox 502 1349 552 1397; x_wconf 82' lang='lat' dir='ltr'>aut</span> <span class='ocrx_word' id='word_1_80' title='bbox 563 1345 674 1412; x_wconf 74' lang='lat' dir='ltr'>agnilus</span> <span class='ocrx_word' id='word_1_81' title='bbox 686 1361 768 1398; x_wconf 86' lang='lat' dir='ltr'>ourru</span> 
     </span>
    </p>

    <p class='ocr_par' dir='ltr' id='par_1_14' title="bbox 113 1427 827 1500">
     <span class='ocr_line' id='line_1_14' title="bbox 113 1427 827 1500; baseline 0.007 -20"><span class='ocrx_word' id='word_1_82' title='bbox 113 1427 250 1495; x_wconf 86' lang='lat' dir='ltr'>Proterit,</span> <span class='ocrx_word' id='word_1_83' title='bbox 263 1433 311 1481; x_wconf 90' lang='lat' dir='ltr'>aut</span> <span class='ocrx_word' id='word_1_84' title='bbox 322 1437 417 1497; x_wconf 87' lang='lat' dir='ltr'>reptas</span> <span class='ocrx_word' id='word_1_85' title='bbox 429 1431 600 1498; x_wconf 74' lang='lat' dir='ltr'>fugientibus</span> <span class='ocrx_word' id='word_1_86' title='bbox 613 1432 714 1500; x_wconf 84' lang='lat' dir='ltr'>ingerit</span> <span class='ocrx_word' id='word_1_87' title='bbox 726 1433 827 1485; x_wconf 86' lang='lat' dir='ltr'>hastas.</span> 
     </span>
    </p>

    <p class='ocr_par' dir='ltr' id='par_1_15' title="bbox 116 1513 834 1584">
     <span class='ocr_line' id='line_1_15' title="bbox 116 1513 834 1584; baseline 0.008 -17"><span class='ocrx_word' id='word_1_88' title='bbox 116 1513 215 1579; x_wconf 84' lang='lat' dir='ltr'>Qualis</span> <span class='ocrx_word' id='word_1_89' title='bbox 226 1516 298 1583; x_wconf 93' lang='lat' dir='ltr'>apud</span> <span class='ocrx_word' id='word_1_90' title='bbox 311 1515 393 1584; x_wconf 83' lang='lat' dir='ltr'>gelidi</span> <span class='ocrx_word' id='word_1_91' title='bbox 408 1535 470 1570; x_wconf 91' lang='lat' dir='ltr'>oum</span> <span class='ocrx_word' id='word_1_92' title='bbox 481 1518 598 1573; x_wconf 85' lang='lat' dir='ltr'>fiumina</span> <span class='ocrx_word' id='word_1_93' title='bbox 611 1520 735 1572; x_wconf 87' lang='lat' dir='ltr'>eonoitus</span> <span class='ocrx_word' id='word_1_94' title='bbox 747 1519 834 1573; x_wconf 84' lang='lat' dir='ltr'>Hebri</span> 
     </span>
    </p>

    <p class='ocr_par' dir='ltr' id='par_1_16' title="bbox 115 1603 882 1676">
     <span class='ocr_line' id='line_1_16' title="bbox 115 1603 882 1676; baseline 0.004 -20"><span class='ocrx_word' id='word_1_95' title='bbox 115 1604 290 1670; x_wconf 86' lang='lat' dir='ltr'>Sanguineas</span> <span class='ocrx_word' id='word_1_96' title='bbox 301 1603 412 1658; x_wconf 83' lang='lat' dir='ltr'>Mavors</span> <span class='ocrx_word' id='word_1_97' title='bbox 422 1605 514 1674; x_wconf 88' lang='lat' dir='ltr'>olipeo</span> <span class='ocrx_word' id='word_1_98' title='bbox 526 1607 658 1674; x_wconf 74' lang='lat' dir='ltr'>increpat,</span> <span class='ocrx_word' id='word_1_99' title='bbox 670 1613 752 1676; x_wconf 70' lang='lat' dir='ltr'>eaque</span> <span class='ocrx_word' id='word_1_100' title='bbox 763 1607 882 1660; x_wconf 76' lang='lat' dir='ltr'>furentis</span> 
     </span>
    </p>

    <p class='ocr_par' dir='ltr' id='par_1_17' title="bbox 113 1690 875 1763">
     <span class='ocr_line' id='line_1_17' title="bbox 113 1690 875 1763; baseline 0.007 -20"><span class='ocrx_word' id='word_1_101' title='bbox 113 1690 195 1744; x_wconf 90' lang='lat' dir='ltr'>Bella</span> <span class='ocrx_word' id='word_1_102' title='bbox 207 1708 322 1745; x_wconf 87' lang='lat' dir='ltr'>movens</span> <span class='ocrx_word' id='word_1_103' title='bbox 333 1693 461 1746; x_wconf 73' lang='lat' dir='ltr'>immittit</span> <span class='ocrx_word' id='word_1_104' title='bbox 471 1711 574 1763; x_wconf 87' lang='lat' dir='ltr'>equos;</span> <span class='ocrx_word' id='word_1_105' title='bbox 594 1694 634 1746; x_wconf 91' lang='lat' dir='ltr'>illi</span> <span class='ocrx_word' id='word_1_106' title='bbox 648 1710 767 1762; x_wconf 84' lang='lat' dir='ltr'>aequore</span> <span class='ocrx_word' id='word_1_107' title='bbox 780 1701 875 1762; x_wconf 84' lang='lat' dir='ltr'>aperto</span> 
     </span>
    </p>

    <p class='ocr_par' dir='ltr' id='par_1_18' title="bbox 112 1777 1139 2026">
     <span class='ocr_line' id='line_1_18' title="bbox 113 1777 951 1850; baseline 0.006 -19"><span class='ocrx_word' id='word_1_108' title='bbox 113 1779 193 1832; x_wconf 84' lang='lat' dir='ltr'>Ante</span> <span class='ocrx_word' id='word_1_109' title='bbox 207 1777 296 1833; x_wconf 82' lang='lat' dir='ltr'>Notos</span> <span class='ocrx_word' id='word_1_110' title='bbox 309 1780 522 1850; x_wconf 81' lang='lat' dir='ltr'>Zephyrumque</span> <span class='ocrx_word' id='word_1_111' title='bbox 535 1781 644 1849; x_wconf 80' lang='lat' dir='ltr'>volant3</span> <span class='ocrx_word' id='word_1_112' title='bbox 665 1783 752 1850; x_wconf 88' lang='lat' dir='ltr'>gemit</span> <span class='ocrx_word' id='word_1_113' title='bbox 764 1782 860 1835; x_wconf 89' lang='lat' dir='ltr'>ultima</span> <span class='ocrx_word' id='word_1_114' title='bbox 872 1782 951 1850; x_wconf 83' lang='lat' dir='ltr'>pulsa</span> 
     </span>
     <span class='ocr_line' id='line_1_19' title="bbox 113 1866 1139 1939; baseline 0.007 -20"><span class='ocrx_word' id='word_1_115' title='bbox 113 1866 223 1921; x_wconf 70' lang='lat' dir='ltr'>Tmaea</span> <span class='ocrx_word' id='word_1_116' title='bbox 235 1869 344 1937; x_wconf 87' lang='lat' dir='ltr'>pedum,</span> <span class='ocrx_word' id='word_1_117' title='bbox 357 1871 516 1939; x_wconf 87' lang='lat' dir='ltr'>eironmqne</span> <span class='ocrx_word' id='word_1_118' title='bbox 530 1874 606 1924; x_wconf 85' lang='lat' dir='ltr'>strae</span> <span class='ocrx_word' id='word_1_119' title='bbox 618 1869 784 1923; x_wconf 80' lang='lat' dir='ltr'>Formidinis</span> <span class='ocrx_word' id='word_1_120' title='bbox 797 1885 853 1937; x_wconf 84' lang='lat' dir='ltr'>ora,</span> <span class='ocrx_word' id='word_1_121' title='bbox 1085 1875 1139 1926; x_wconf 79' lang='lat'>835</span> 
     </span>
     <span class='ocr_line' id='line_1_20' title="bbox 112 1953 804 2026; baseline 0.006 -20"><span class='ocrx_word' id='word_1_122' title='bbox 112 1953 240 2024; x_wconf 82' lang='lat' dir='ltr'>Iraeque,</span> <span class='ocrx_word' id='word_1_123' title='bbox 252 1956 433 2026; x_wconf 82' lang='lat' dir='ltr'>Insidiaeque,</span> <span class='ocrx_word' id='word_1_124' title='bbox 446 1958 492 2011; x_wconf 91' lang='lat' dir='ltr'>dei</span> <span class='ocrx_word' id='word_1_125' title='bbox 504 1958 659 2024; x_wconf 78' lang='lat' dir='ltr'>semitatus,</span> <span class='ocrx_word' id='word_1_126' title='bbox 671 1962 804 2025; x_wconf 79' lang='lat' dir='ltr'>aguntur:</span> 
     </span>
    </p>

    <p class='ocr_par' dir='ltr' id='par_1_19' title="bbox 112 2041 821 2112">
     <span class='ocr_line' id='line_1_21' title="bbox 112 2041 821 2112; baseline 0.004 -19"><span class='ocrx_word' id='word_1_127' title='bbox 112 2041 189 2094; x_wconf 88' lang='lat' dir='ltr'>Talis</span> <span class='ocrx_word' id='word_1_128' title='bbox 203 2059 287 2112; x_wconf 90' lang='lat' dir='ltr'>equos</span> <span class='ocrx_word' id='word_1_129' title='bbox 301 2044 391 2098; x_wconf 79' lang='lat' dir='ltr'>alacer</span> <span class='ocrx_word' id='word_1_130' title='bbox 403 2045 497 2098; x_wconf 80' lang='lat' dir='ltr'>medin</span> <span class='ocrx_word' id='word_1_131' title='bbox 508 2045 583 2098; x_wconf 88' lang='lat' dir='ltr'>inter</span> <span class='ocrx_word' id='word_1_132' title='bbox 595 2043 700 2112; x_wconf 89' lang='lat' dir='ltr'>proelia</span> <span class='ocrx_word' id='word_1_133' title='bbox 709 2045 821 2097; x_wconf 80' lang='lat' dir='ltr'>Turnus</span> 
     </span>
    </p>

    <p class='ocr_par' dir='ltr' id='par_1_20' title="bbox 111 2129 751 2202">
     <span class='ocr_line' id='line_1_22' title="bbox 111 2129 751 2202; baseline 0.005 -21"><span class='ocrx_word' id='word_1_134' title='bbox 111 2129 261 2186; x_wconf 86' lang='lat' dir='ltr'>Fumantis</span> <span class='ocrx_word' id='word_1_135' title='bbox 273 2133 373 2187; x_wconf 89' lang='lat' dir='ltr'>sudore</span> <span class='ocrx_word' id='word_1_136' title='bbox 386 2135 483 2202; x_wconf 86' lang='lat' dir='ltr'>quatit,</span> <span class='ocrx_word' id='word_1_137' title='bbox 494 2132 653 2186; x_wconf 81' lang='lat' dir='ltr'>miserabile</span> <span class='ocrx_word' id='word_1_138' title='bbox 665 2133 751 2186; x_wconf 87' lang='lat' dir='ltr'>eaesis</span> 
     </span>
    </p>

    <p class='ocr_par' dir='ltr' id='par_1_21' title="bbox 112 2217 850 2290">
     <span class='ocr_line' id='line_1_23' title="bbox 112 2217 850 2290; baseline 0.003 -20"><span class='ocrx_word' id='word_1_139' title='bbox 112 2217 250 2274; x_wconf 89' lang='lat' dir='ltr'>Hostibus</span> <span class='ocrx_word' id='word_1_140' title='bbox 262 2221 408 2289; x_wconf 84' lang='lat' dir='ltr'>insultans3</span> <span class='ocrx_word' id='word_1_141' title='bbox 429 2221 537 2290; x_wconf 78' lang='lat' dir='ltr'>spargit</span> <span class='ocrx_word' id='word_1_142' title='bbox 549 2219 648 2289; x_wconf 87' lang='lat' dir='ltr'>rapida</span> <span class='ocrx_word' id='word_1_143' title='bbox 660 2219 762 2287; x_wconf 84' lang='lat' dir='ltr'>ungula</span> <span class='ocrx_word' id='word_1_144' title='bbox 774 2235 850 2272; x_wconf 85' lang='lat' dir='ltr'>rores</span> 
     </span>
    </p>

    <p class='ocr_par' dir='ltr' id='par_1_22' title="bbox 81 2307 1137 2643">
     <span class='ocr_line' id='line_1_24' title="bbox 81 2307 1137 2378; baseline 0 -17"><span class='ocrx_word' id='word_1_145' title='bbox 81 2373 83 2376; x_wconf 21' lang='grc' dir='ltr'>Ι</span> <span class='ocrx_word' id='word_1_146' title='bbox 112 2307 295 2376; x_wconf 83' lang='lat' dir='ltr'>Sanguineas,</span> <span class='ocrx_word' id='word_1_147' title='bbox 306 2311 449 2378; x_wconf 86' lang='lat' dir='ltr'>mixtaque</span> <span class='ocrx_word' id='word_1_148' title='bbox 462 2325 545 2362; x_wconf 88' lang='lat' dir='ltr'>eruor</span> <span class='ocrx_word' id='word_1_149' title='bbox 558 2308 678 2363; x_wconf 81' lang='lat' dir='ltr'>calcatur</span> <span class='ocrx_word' id='word_1_150' title='bbox 689 2307 799 2360; x_wconf 82' lang='lat' dir='ltr'>harene.</span> <span class='ocrx_word' id='word_1_151' title='bbox 1084 2311 1137 2361; x_wconf 79' lang='lat'>340</span> 
     </span>
     <span class='ocr_line' id='line_1_25' title="bbox 111 2395 1041 2468; baseline -0.001 -19"><span class='ocrx_word' id='word_1_152' title='bbox 111 2395 229 2466; x_wconf 86' lang='lat' dir='ltr'>Iamque</span> <span class='ocrx_word' id='word_1_153' title='bbox 239 2400 300 2452; x_wconf 91' lang='lat' dir='ltr'>neei</span> <span class='ocrx_word' id='word_1_154' title='bbox 312 2398 528 2468; x_wconf 84' lang='lat' dir='ltr'>Sthenelumque</span> <span class='ocrx_word' id='word_1_155' title='bbox 541 2397 621 2450; x_wconf 88' lang='lat' dir='ltr'>dedit</span> <span class='ocrx_word' id='word_1_156' title='bbox 634 2395 847 2463; x_wconf 82' lang='lat' dir='ltr'>Thamyrimque</span> <span class='ocrx_word' id='word_1_157' title='bbox 860 2395 1041 2464; x_wconf 84' lang='lat' dir='ltr'>Pholumque,</span> 
     </span>
     <span class='ocr_line' id='line_1_26' title="bbox 111 2482 959 2555; baseline 0 -20"><span class='ocrx_word' id='word_1_158' title='bbox 111 2483 199 2537; x_wconf 87' lang='lat' dir='ltr'>Hune</span> <span class='ocrx_word' id='word_1_159' title='bbox 212 2502 374 2555; x_wconf 80' lang='lat' dir='ltr'>congressus</span> <span class='ocrx_word' id='word_1_160' title='bbox 387 2490 415 2540; x_wconf 92' lang='lat' dir='ltr'>et</span> <span class='ocrx_word' id='word_1_161' title='bbox 428 2487 510 2553; x_wconf 87' lang='lat' dir='ltr'>hune,</span> <span class='ocrx_word' id='word_1_162' title='bbox 526 2485 604 2538; x_wconf 88' lang='lat' dir='ltr'>illum</span> <span class='ocrx_word' id='word_1_163' title='bbox 617 2484 738 2549; x_wconf 82' lang='lat' dir='ltr'>eminus3</span> <span class='ocrx_word' id='word_1_164' title='bbox 759 2483 866 2534; x_wconf 79' lang='lat' dir='ltr'>emmas</span> <span class='ocrx_word' id='word_1_165' title='bbox 878 2482 959 2536; x_wconf 81' lang='lat' dir='ltr'>ainbo</span> 
     </span>
     <span class='ocr_line' id='line_1_27' title="bbox 110 2569 953 2643; baseline 0 -20"><span class='ocrx_word' id='word_1_166' title='bbox 110 2570 291 2641; x_wconf 87' lang='lat' dir='ltr'>Imbrasidas,</span> <span class='ocrx_word' id='word_1_167' title='bbox 303 2575 440 2628; x_wconf 77' lang='lat' dir='ltr'>Glaucum</span> <span class='ocrx_word' id='word_1_168' title='bbox 453 2581 536 2643; x_wconf 88' lang='lat' dir='ltr'>atque</span> <span class='ocrx_word' id='word_1_169' title='bbox 549 2573 652 2641; x_wconf 84' lang='lat' dir='ltr'>Laden,</span> <span class='ocrx_word' id='word_1_170' title='bbox 664 2587 732 2639; x_wconf 89' lang='lat' dir='ltr'>quos</span> <span class='ocrx_word' id='word_1_171' title='bbox 745 2569 883 2623; x_wconf 83' lang='lat' dir='ltr'>Imbrasus</span> <span class='ocrx_word' id='word_1_172' title='bbox 894 2570 953 2637; x_wconf 91' lang='lat' dir='ltr'>ipse</span> 
     </span>
    </p>

    <p class='ocr_par' dir='ltr' id='par_1_23' title="bbox 110 2657 803 2731">
     <span class='ocr_line' id='line_1_28' title="bbox 110 2657 803 2731; baseline -0.001 -20"><span class='ocrx_word' id='word_1_173' title='bbox 110 2657 140 2711; x_wconf 88' lang='lat' dir='ltr'>N</span> <span class='ocrx_word' id='word_1_174' title='bbox 141 2660 261 2714; x_wconf 88' lang='lat' dir='ltr'>utrierat</span> <span class='ocrx_word' id='word_1_175' title='bbox 273 2661 363 2728; x_wconf 79' lang='lat' dir='ltr'>Lysia,</span> <span class='ocrx_word' id='word_1_176' title='bbox 375 2663 541 2731; x_wconf 85' lang='lat' dir='ltr'>paribusque</span> <span class='ocrx_word' id='word_1_177' title='bbox 554 2665 700 2715; x_wconf 88' lang='lat' dir='ltr'>ornaverat</span> <span class='ocrx_word' id='word_1_178' title='bbox 714 2659 803 2725; x_wconf 86' lang='lat' dir='ltr'>armis,</span> 
     </span>
    </p>

    <p class='ocr_par' dir='ltr' id='par_1_24' title="bbox 109 2737 1136 2905">
     <span class='ocr_line' id='line_1_29' title="bbox 110 2737 1136 2840; baseline 0.001 -40"><span class='ocrx_word' id='word_1_179' title='bbox 110 2747 168 2800; x_wconf 90' lang='lat' dir='ltr'>Vel</span> <span class='ocrx_word' id='word_1_180' title='bbox 182 2749 307 2802; x_wconf 83' lang='lat' dir='ltr'>conferre</span> <span class='ocrx_word' id='word_1_181' title='bbox 321 2765 441 2818; x_wconf 84' lang='lat' dir='ltr'>manum,</span> <span class='ocrx_word' id='word_1_182' title='bbox 454 2750 498 2803; x_wconf 88' lang='lat' dir='ltr'>vel</span> <span class='ocrx_word' id='word_1_183' title='bbox 512 2765 582 2818; x_wconf 90' lang='lat' dir='ltr'>equo</span> <span class='ocrx_word' id='word_1_184' title='bbox 595 2752 770 2817; x_wconf 84' lang='lat' dir='ltr'>praevertere</span> <span class='ocrx_word' id='word_1_185' title='bbox 783 2737 925 2840; x_wconf 63' lang='lat' dir='ltr'>ventos]</span> <span class='ocrx_word' id='word_1_186' title='bbox 1083 2751 1136 2801; x_wconf 82' lang='lat'>345</span> 
     </span>
     <span class='ocr_line' id='line_1_30' title="bbox 109 2834 787 2905; baseline -0.007 -15"><span class='ocrx_word' id='word_1_187' title='bbox 109 2834 197 2890; x_wconf 81' lang='lat' dir='ltr'>Parte</span> <span class='ocrx_word' id='word_1_188' title='bbox 210 2836 264 2888; x_wconf 79' lang='lat' dir='ltr'>alia</span> <span class='ocrx_word' id='word_1_189' title='bbox 277 2837 370 2891; x_wconf 86' lang='lat' dir='ltr'>media</span> <span class='ocrx_word' id='word_1_190' title='bbox 380 2837 517 2890; x_wconf 88' lang='lat' dir='ltr'>Eumedes</span> <span class='ocrx_word' id='word_1_191' title='bbox 529 2837 557 2890; x_wconf 93' lang='lat' dir='ltr'>in</span> <span class='ocrx_word' id='word_1_192' title='bbox 571 2836 677 2905; x_wconf 89' lang='lat' dir='ltr'>proelia</span> <span class='ocrx_word' id='word_1_193' title='bbox 689 2835 787 2899; x_wconf 77' lang='lat' dir='ltr'>fertur,</span> 
     </span>
    </p>

    <p class='ocr_par' dir='ltr' id='par_1_25' title="bbox 110 2923 711 2992">
     <span class='ocr_line' id='line_1_31' title="bbox 110 2923 711 2992; baseline 0 -17"><span class='ocrx_word' id='word_1_194' title='bbox 110 2923 230 2992; x_wconf 85' lang='lat' dir='ltr'>Antiqui</span> <span class='ocrx_word' id='word_1_195' title='bbox 243 2924 335 2992; x_wconf 88' lang='lat' dir='ltr'>proles</span> <span class='ocrx_word' id='word_1_196' title='bbox 347 2924 420 2978; x_wconf 93' lang='lat' dir='ltr'>bello</span> <span class='ocrx_word' id='word_1_197' title='bbox 433 2925 574 2992; x_wconf 84' lang='lat' dir='ltr'>praeclara</span> <span class='ocrx_word' id='word_1_198' title='bbox 586 2923 711 2990; x_wconf 89' lang='lat' dir='ltr'>Dolonis,</span> 
     </span>
    </p>

    <p class='ocr_par' dir='ltr' id='par_1_26' title="bbox 110 3008 935 3080">
     <span class='ocr_line' id='line_1_32' title="bbox 110 3008 935 3080; baseline -0.002 -18"><span class='ocrx_word' id='word_1_199' title='bbox 110 3008 233 3064; x_wconf 84' lang='lat' dir='ltr'>Nomine</span> <span class='ocrx_word' id='word_1_200' title='bbox 247 3027 329 3064; x_wconf 88' lang='lat' dir='ltr'>avum</span> <span class='ocrx_word' id='word_1_201' title='bbox 342 3012 474 3080; x_wconf 77' lang='lat' dir='ltr'>referens,</span> <span class='ocrx_word' id='word_1_202' title='bbox 486 3011 579 3064; x_wconf 91' lang='lat' dir='ltr'>animo</span> <span class='ocrx_word' id='word_1_203' title='bbox 592 3010 772 3078; x_wconf 85' lang='lat' dir='ltr'>manibusque</span> <span class='ocrx_word' id='word_1_204' title='bbox 785 3012 935 3076; x_wconf 85' lang='lat' dir='ltr'>parentem,</span> 
     </span>
    </p>

    <p class='ocr_par' dir='ltr' id='par_1_27' title="bbox 111 3095 894 3167">
     <span class='ocr_line' id='line_1_33' title="bbox 111 3095 894 3167; baseline -0.005 -16"><span class='ocrx_word' id='word_1_205' title='bbox 111 3097 167 3162; x_wconf 84' lang='lat' dir='ltr'>Qui</span> <span class='ocrx_word' id='word_1_206' title='bbox 180 3098 328 3167; x_wconf 87' lang='lat' dir='ltr'>quondam,</span> <span class='ocrx_word' id='word_1_207' title='bbox 341 3105 432 3153; x_wconf 89' lang='lat' dir='ltr'>eastra</span> <span class='ocrx_word' id='word_1_208' title='bbox 444 3104 475 3152; x_wconf 91' lang='lat' dir='ltr'>ut</span> <span class='ocrx_word' id='word_1_209' title='bbox 487 3099 614 3153; x_wconf 86' lang='lat' dir='ltr'>Danaum</span> <span class='ocrx_word' id='word_1_210' title='bbox 628 3097 785 3166; x_wconf 76' lang='lat' dir='ltr'>speculator</span> <span class='ocrx_word' id='word_1_211' title='bbox 797 3095 894 3163; x_wconf 86' lang='lat' dir='ltr'>adiret,</span> 
     </span>
    </p>

    <p class='ocr_par' dir='ltr' id='par_1_28' title="bbox 110 3184 774 3254">
     <span class='ocr_line' id='line_1_34' title="bbox 110 3184 774 3254; baseline -0.002 -17"><span class='ocrx_word' id='word_1_212' title='bbox 110 3184 204 3239; x_wconf 81' lang='lat' dir='ltr'>Ausus</span> <span class='ocrx_word' id='word_1_213' title='bbox 217 3185 331 3240; x_wconf 90' lang='lat' dir='ltr'>Pelidae</span> <span class='ocrx_word' id='word_1_214' title='bbox 341 3187 461 3254; x_wconf 89' lang='lat' dir='ltr'>pretium</span> <span class='ocrx_word' id='word_1_215' title='bbox 474 3187 525 3240; x_wconf 89' lang='lat' dir='ltr'>sibi</span> <span class='ocrx_word' id='word_1_216' title='bbox 538 3203 651 3254; x_wconf 83' lang='lat' dir='ltr'>poscere</span> <span class='ocrx_word' id='word_1_217' title='bbox 665 3201 774 3252; x_wconf 81' lang='lat' dir='ltr'>ourrus3</span> 
     </span>
    </p>

    <p class='ocr_par' dir='ltr' id='par_1_29' title="bbox 109 3270 653 3342">
     <span class='ocr_line' id='line_1_35' title="bbox 109 3270 653 3342; baseline 0 -16"><span class='ocrx_word' id='word_1_218' title='bbox 109 3270 192 3326; x_wconf 89' lang='lat' dir='ltr'>Illum</span> <span class='ocrx_word' id='word_1_219' title='bbox 205 3273 326 3340; x_wconf 85' lang='lat' dir='ltr'>Tydides</span> <span class='ocrx_word' id='word_1_220' title='bbox 339 3273 394 3328; x_wconf 85' lang='lat' dir='ltr'>alio</span> <span class='ocrx_word' id='word_1_221' title='bbox 405 3291 457 3342; x_wconf 88' lang='lat' dir='ltr'>pro</span> <span class='ocrx_word' id='word_1_222' title='bbox 469 3275 569 3327; x_wconf 87' lang='lat' dir='ltr'>talibus</span> <span class='ocrx_word' id='word_1_223' title='bbox 581 3275 653 3327; x_wconf 88' lang='lat' dir='ltr'>ausis</span> 
     </span>
    </p>

    <p class='ocr_par' dir='ltr' id='par_1_30' title="bbox 110 3359 748 3430">
     <span class='ocr_line' id='line_1_36' title="bbox 110 3359 748 3430; baseline -0.003 -17"><span class='ocrx_word' id='word_1_224' title='bbox 110 3360 224 3415; x_wconf 82' lang='lat' dir='ltr'>Adfecit</span> <span class='ocrx_word' id='word_1_225' title='bbox 236 3361 336 3430; x_wconf 87' lang='lat' dir='ltr'>pretio,</span> <span class='ocrx_word' id='word_1_226' title='bbox 348 3377 402 3414; x_wconf 89' lang='lat' dir='ltr'>neo</span> <span class='ocrx_word' id='word_1_227' title='bbox 416 3361 493 3430; x_wconf 88' lang='lat' dir='ltr'>equis</span> <span class='ocrx_word' id='word_1_228' title='bbox 505 3362 609 3430; x_wconf 84' lang='lat' dir='ltr'>aspirat</span> <span class='ocrx_word' id='word_1_229' title='bbox 622 3359 748 3414; x_wconf 86' lang='lat' dir='ltr'>thillis.</span> 
     </span>
    </p>

    <p class='ocr_par' dir='ltr' id='par_1_31' title="bbox 110 3446 847 3518">
     <span class='ocr_line' id='line_1_37' title="bbox 110 3446 847 3518; baseline -0.003 -18"><span class='ocrx_word' id='word_1_230' title='bbox 110 3446 191 3503; x_wconf 87' lang='lat' dir='ltr'>Hune</span> <span class='ocrx_word' id='word_1_231' title='bbox 203 3449 301 3518; x_wconf 83' lang='lat' dir='ltr'>procul</span> <span class='ocrx_word' id='word_1_232' title='bbox 315 3452 347 3502; x_wconf 89' lang='lat' dir='ltr'>ut</span> <span class='ocrx_word' id='word_1_233' title='bbox 360 3465 458 3518; x_wconf 88' lang='lat' dir='ltr'>eampo</span> <span class='ocrx_word' id='word_1_234' title='bbox 470 3449 578 3502; x_wconf 90' lang='lat' dir='ltr'>Turnus</span> <span class='ocrx_word' id='word_1_235' title='bbox 590 3448 731 3517; x_wconf 86' lang='lat' dir='ltr'>prospexit</span> <span class='ocrx_word' id='word_1_236' title='bbox 743 3451 847 3515; x_wconf 86' lang='lat' dir='ltr'>aperto,</span> 
     </span>
    </p>
   </div>
   <div class='ocr_carea' id='block_1_3' title="bbox 108 3535 772 3668">
    <p class='ocr_par' dir='ltr' id='par_1_32' title="bbox 108 3535 772 3668">
     <span class='ocr_line' id='line_1_38' title="bbox 108 3535 772 3664; baseline -0.005 -75"><span class='ocrx_word' id='word_1_237' title='bbox 108 3535 183 3591; x_wconf 85' lang='lat' dir='ltr'>Ante</span> <span class='ocrx_word' id='word_1_238' title='bbox 195 3537 252 3591; x_wconf 87' lang='lat' dir='ltr'>levi</span> <span class='ocrx_word' id='word_1_239' title='bbox 264 3535 358 3590; x_wconf 87' lang='lat' dir='ltr'>iaoulo</span> <span class='ocrx_word' id='word_1_240' title='bbox 370 3535 484 3664; x_wconf 44' lang='lat' dir='ltr'>lsszngum</span> <span class='ocrx_word' id='word_1_241' title='bbox 497 3553 547 3605; x_wconf 90' lang='lat' dir='ltr'>per</span> <span class='ocrx_word' id='word_1_242' title='bbox 559 3536 641 3589; x_wconf 86' lang='lat' dir='ltr'>inane</span> <span class='ocrx_word' id='word_1_243' title='bbox 655 3539 772 3602; x_wconf 89' lang='lat' dir='ltr'>seoutus,</span> 
     </span>
     <span class='ocr_line' id='line_1_39' title="bbox 219 3632 234 3668; baseline 0 0"><span class='ocrx_word' id='word_1_244' title='bbox 219 3632 234 3668; x_wconf 95' lang='lat' dir='ltr'>s</span> 
     </span>
    </p>
   </div>
   <div class='ocr_carea' id='block_1_4' title="bbox 0 0 1338 3942">
    <p class='ocr_par' dir='ltr' id='par_1_33' title="bbox 0 0 1338 3942">
     <span class='ocr_line' id='line_1_40' title="bbox 0 0 1338 3942; baseline 0 3"><span class='ocrx_word' id='word_1_245' title='bbox 0 0 1338 3942; x_wconf 95' lang='lat' dir='ltr'> </span> 
     </span>
    </p>
   </div>
  </div>
 </body>
</html>
