2730 3936
509 203 649 253 Veserm
671 184 836 252 assumes
859 203 892 254 n

192 365 340 420 Barbarico
352 373 447 435 postes
459 381 527 419 auro
539 364 689 434 spoliisque
702 365 822 434 superbi,

192 453 366 507 Procubuere
377 473 383 522 3
404 458 501 507 tenent
512 452 610 520 Danai,
625 469 679 521 qua
691 452 784 505 deficit
797 453 876 520 ignis.

227 540 355 594 Forsitan
368 548 404 609 et,
419 540 522 594 Priami
535 540 639 592 fuerint
653 555 722 608 quae
735 540 800 605 fata,
815 539 947 608 requiras.

192 627 276 680 Urbis
288 628 330 680 uti
342 635 438 696 captae
451 644 543 681 casum
557 627 742 695 convulsaque
755 625 826 679 vidit

192 714 301 768 Limina
314 719 450 768 tectorum
464 719 492 768 et
503 713 624 766 medium
637 714 666 767 in
679 712 866 781 penetralibus
884 713 1001 783 hostem,

193 802 280 854 Arma
293 800 340 854 diu
353 802 445 854 senior
457 801 571 854 desueta
582 801 765 853 trementibus
779 817 848 853 aevo

194 888 352 942 Oircumdat
364 888 529 956 nequiquam
544 888 652 954 umeris,
669 891 697 940 et
709 885 807 940 inutile
820 890 923 941 ferrum

194 975 328 1044 Cingitur,
343 992 374 1028 ac
387 975 486 1028 densos
498 974 586 1028 fertur
599 977 751 1027 moriturus
765 975 794 1028 in
807 975 903 1030 hostis.

193 1063 317 1116 Aedibus
329 1063 358 1115 in
371 1062 469 1115 mediis
481 1061 610 1130 nudoque
623 1062 673 1115 sub
688 1063 807 1116 aetheris
820 1080 872 1117 axe

193 1151 296 1219 lugens
309 1167 356 1205 are
368 1150 420 1203 fuit
432 1150 564 1218 iuxtaque
577 1151 726 1204 veterrima
740 1149 841 1219 laurus,

193 1237 359 1292 incumbens
371 1254 434 1292 arae
447 1244 529 1306 utque
542 1237 640 1290 umbra
654 1238 798 1307 complexa
811 1239 930 1293 Penatis.

193 1326 247 1380 Hic
259 1326 374 1378 Hecuba
386 1330 414 1379 et
427 1330 508 1378 natae
520 1326 686 1393 nequiquam
701 1325 799 1378 altaria
811 1327 922 1394 circum,

193 1411 364 1480 Praecipites
376 1417 436 1464 atra
449 1428 498 1464 ceu
511 1417 677 1479 tempestate
691 1413 840 1481 columbae,

195 1498 356 1552 Condensae
369 1504 397 1552 et
409 1498 500 1552 divom
515 1499 657 1568 amplexae
670 1499 816 1553 simulacra
828 1501 968 1554 sedebant.

193 1585 288 1654 Ipsum
301 1591 392 1639 autem
406 1587 523 1654 sumptis
535 1586 677 1640 Priamum
690 1587 863 1641 iuvenalibus
875 1589 959 1642 armis

194 1672 232 1725 Ut
246 1672 323 1740 vidit,
341 1674 357 1701 “
368 1672 534 1737 Quae-meus
546 1679 605 1727 tam
618 1674 686 1742 dira,
702 1675 856 1728 miserrime
870 1676 999 1744 coniunx,

99 1801 101 1807 .
194 1760 309 1828 Impulit
321 1760 364 1812 his
377 1760 450 1828 cingi
463 1760 543 1814 telisl
562 1767 610 1815 aut
623 1779 677 1830 quo
689 1763 764 1816 ruisi
774 1762 790 1790 ’²
808 1763 906 1831 inquit.

196 1850 213 1877 “
223 1848 250 1902 N
252 1865 288 1902 on
302 1849 350 1902 tali
363 1849 466 1902 auxilio
479 1866 530 1903 nec
543 1849 734 1904 defensoribus
746 1851 807 1902 istis

194 1936 313 2004 Tempus
326 1941 402 2005 eget3
422 1953 487 2005 non,
502 1937 525 1989 si
535 1938 594 2005 ipse
607 1954 684 1990 meus
695 1954 769 1991 nunc
782 1937 892 1990 adforet
906 1937 1018 1992 llector.

194 2023 255 2077 Huc
268 2024 380 2077 taudem
394 2024 530 2091 concede;
551 2024 620 2078 haec
634 2041 683 2078 ara
694 2025 817 2078 tuebitur
831 2025 928 2091 omnis,

194 2111 253 2163 Aut
265 2111 383 2164 moriere
396 2111 503 2164 simul.”
540 2110 586 2165 Sic
599 2128 646 2165 ore
659 2112 742 2165 effata
754 2111 858 2179 recepit

193 2198 239 2251 Ad
254 2215 311 2252 sese
325 2204 353 2252 et
366 2215 443 2252 sacra
454 2198 619 2267 longaevum
631 2199 660 2251 in
672 2199 736 2252 sede
747 2199 857 2252 locavit.

229 2286 301 2340 Ecce
314 2292 407 2340 autern
421 2285 527 2354 elapsus
540 2285 640 2352 Pyrrhi
654 2286 688 2339 de
701 2285 784 2339 caede
797 2284 909 2354 Polites,

194 2374 273 2427 Unus
285 2379 413 2427 natorum
427 2373 538 2437 Priami,
552 2389 602 2441 per
615 2372 679 2440 tela,
694 2389 743 2440 per
755 2372 843 2426 hostis

194 2461 352 2515 Porticibus
364 2461 453 2528 longis
466 2461 545 2528 sugit,
562 2469 590 2513 et
604 2477 689 2513 vacua
702 2460 771 2513 atria
783 2459 883 2514 lustrat

195 2548 322 2603 Saucius:
342 2550 421 2602 illurn
435 2550 534 2603 ardens
547 2549 648 2602 infesto
661 2546 775 2600 volnere
788 2547 913 2614 Pyrrhus

195 2636 359 2705 Insequitur,
374 2639 550 2706 iamiamque
563 2653 646 2691 manu
659 2637 737 2688 tenet
749 2639 777 2687 et
789 2635 889 2702 premit
901 2635 987 2691 hasta.

196 2723 233 2777 Ut
246 2725 359 2777 tandem
371 2730 436 2778 ante
450 2725 543 2778 oeulos
556 2725 643 2778 evasit
656 2729 685 2777 et
696 2741 746 2779 ora
757 2728 911 2792 parentum,

196 2811 332 2880 Concidit,
345 2829 376 2866 ac
390 2812 477 2864 multo
490 2813 575 2872 vitam
588 2829 650 2865 cum
664 2812 797 2879 sanguiue
809 2811 887 2866 fudit.

195 2897 248 2951 Hie
261 2898 395 2965 Priamus,
410 2915 574 2967 quamquam
586 2899 616 2951 in
629 2898 720 2952 media
730 2898 786 2951 iarn
798 2904 886 2951 morte
899 2903 1017 2965 tenetur,

195 2985 258 3038 Non
272 2991 365 3039 tamen
379 2986 519 3052 abstinuit,
534 3001 584 3038 nee
597 2985 659 3038 voci
672 2985 783 3054 iraeque
795 2986 932 3054 pepercit:

196 3071 263 3125 “At
275 3072 328 3125 tibi
339 3089 391 3141 pro
404 3071 534 3138 scelere,''
549 3071 693 3138 exclamat,
710 3075 784 3140 “pro
796 3072 898 3126 talibus
911 3070 991 3138 ausis,

194 3159 238 3226 Di,
254 3160 277 3212 si
289 3177 343 3228 qua
355 3165 397 3213 est
410 3159 485 3212 caelo
499 3159 593 3227 pietas,
608 3176 678 3226 quae
689 3159 755 3213 talin
768 3164 851 3227 curet,

194 3246 358 3302 Persolvant
369 3253 462 3316 grates
474 3247 571 3315 dignas
584 3252 611 3300 et
624 3247 748 3315 praemia
760 3246 878 3300 reddant

195 3334 302 3402 Debita,
318 3335 433 3403 quincti
446 3351 537 3388 coram
551 3351 595 3388 me
608 3351 720 3388 cernere
730 3334 815 3388 letum

195 3421 294 3474 Fecisti
308 3426 336 3474 et
348 3423 453 3489 patrios
466 3421 583 3475 foedasti
597 3422 692 3475 funere
707 3420 805 3474 voltus.

198 3507 236 3562 At
248 3523 304 3560 non
317 3506 371 3575 ille,
386 3513 475 3560 satum
489 3511 584 3574 quote
597 3509 728 3576 mentiris,
744 3505 868 3560 Achillea
