2730 3936
493 216 630 265 VERGILI
655 213 844 264 GEORGIOON
868 213 913 265 IV.

191 379 229 434 Et
241 378 404 447 caligantem
416 378 496 446 nigra
507 377 658 431 formidine
670 377 763 431 lucum

191 466 340 533 Ingressus,
355 464 497 533 Manisque
510 463 579 517 adiit
590 463 748 532 Regemque
760 463 943 530 tremendum,

192 551 347 620 Nesciaque
358 551 486 604 humanis
498 551 626 619 precibus
638 566 828 604 mansuescere
841 550 932 604 corda.

192 638 233 690 At
245 642 327 690 cantu
341 641 495 691 commotae
507 637 591 690 Erebi
603 638 638 691 de
650 637 760 691 sedibus
772 637 835 690 imis

192 724 313 778 Umbrae
325 725 403 778 ibant
416 729 512 777 tenues
525 723 723 792 simulacraque
735 724 797 777 luce
810 729 961 793 serentum,

192 811 281 876 Quam
293 811 382 865 multa
393 812 423 863 in
435 811 510 864 foliis
522 812 614 865 avium
628 828 657 864 se
669 811 745 864 milia
759 810 890 877 condunt,

192 899 300 968 Vesper
311 899 358 952 ubi
373 904 420 952 aut
432 898 565 951 hibernus
578 898 635 968 agit
647 897 681 951 de
693 898 834 951 montibus
846 898 945 966 imber,

191 985 295 1040 Matres
307 990 389 1055 atque
403 985 463 1054 viri,
478 985 663 1053 defunctaque
677 1001 793 1052 corpora
805 985 863 1038 vita

191 1071 398 1142 Magnanimum
409 1071 534 1140 heroum,
549 1071 627 1140 pueri
640 1071 826 1140 innuptaeque
838 1070 954 1139 puellae,

191 1159 370 1229 Impositique
382 1160 456 1228 rogis
468 1160 582 1213 iuvenes
595 1163 659 1212 aute
673 1174 722 1212 ora
734 1163 896 1226 parentum3

192 1248 268 1312 Quos
280 1249 383 1302 circum
395 1248 476 1300 limus
488 1247 567 1316 niger
580 1251 607 1300 et
619 1245 751 1299 deformis
763 1245 891 1299 harundo

191 1334 290 1401 Cocyti
302 1334 435 1403 tardaque
447 1334 526 1402 palus
538 1332 694 1387 inamabilis
705 1331 780 1386 unda

190 1421 302 1490 Alligat,
317 1427 346 1474 et
357 1421 472 1474 noviens
485 1421 554 1487 Styx
565 1420 703 1473 interfusa
714 1425 830 1474 coercet

191 1507 265 1572 Quin
277 1509 353 1576 ipsae
366 1513 496 1577 stupuere
508 1507 606 1562 domus
619 1513 702 1577 atque
713 1507 812 1560 intima
825 1507 887 1562 Leti

190 1593 305 1648 Tartara
317 1595 510 1664 caeruleosque
521 1595 658 1664 implexae
671 1594 792 1649 crinibus
804 1596 901 1662 anguis

190 1679 365 1751 Eumenides
379 1683 521 1752 tenuitque
533 1681 645 1736 inhians
656 1682 711 1735 tria
723 1681 861 1736 Cerberus
874 1698 930 1750 ora,

190 1767 284 1838 Atque
296 1768 397 1824 Ixionii
409 1775 493 1823 vento
505 1773 568 1822 rota
580 1769 705 1823 constitit
717 1769 801 1823 orbis

190 1855 303 1924 Iamque
315 1857 413 1924 pedem
426 1857 550 1910 referens
561 1873 640 1910 casus
653 1861 779 1911 evaserat
791 1855 888 1924 omnis,

189 1942 363 2013 Redditaque
375 1943 512 2010 Eurydice
525 1961 638 2012 superas
650 1944 778 1998 veniebat
790 1943 825 1998 ad
837 1959 926 2012 auras,

190 2032 266 2084 Pone
279 2047 559 2100 sequens-namque
571 2031 643 2086 hauc
655 2031 770 2086 dederat
781 2031 949 2101 Proserpina
960 2031 1084 2101 legem-

190 2118 261 2171 (ium
274 2118 366 2172 subita
377 2118 519 2172 incautum
532 2118 671 2172 dementia
683 2119 758 2188 cepit
770 2125 917 2187 amantem,

189 2204 360 2273 Ignosceudo
372 2205 491 2273 quidem,
506 2205 608 2259 scirent
619 2206 642 2259 si
655 2205 797 2274 ignoscere
809 2205 919 2260 Manes:

190 2291 311 2359 Restitit,
325 2290 538 2361 Eurydicenque
551 2308 636 2360 suam,
651 2293 704 2346 iarn
718 2293 779 2348 luce
792 2293 842 2347 sub
854 2293 922 2361 ipsa,

190 2379 348 2446 Immemor,
362 2379 433 2433 heul
455 2379 597 2447 victusque
609 2379 693 2433 animi
705 2380 836 2449 respexit
874 2379 917 2434 Ibi
931 2380 1021 2433 omnis

189 2467 300 2520 Effusas
311 2466 398 2531 labor,
413 2471 496 2535 atque
507 2466 620 2519 immitis
633 2472 715 2536 rupta
726 2467 839 2534 tyranni

189 2554 320 2622 Foedera,
333 2558 431 2622 terque
440 2554 535 2621 fragor
547 2554 651 2622 stagnis
663 2554 772 2607 auditus
787 2554 913 2607 Auernis.

189 2642 241 2695 Illa
255 2641 339 2707 ‘Quis
352 2646 381 2695 et
392 2639 453 2694 me'
466 2640 555 2709 inquit
579 2641 729 2708 ‘miseram
744 2645 772 2694 et
784 2645 813 2694 te
824 2639 953 2710 perdidit,
969 2639 1089 2709 Orpheu,

191 2729 259 2794 Quis
270 2734 365 2782 tantus
377 2727 471 2781 furorl
509 2727 553 2779 En
565 2728 666 2780 iterum
680 2726 801 2781 crudelia
813 2733 888 2780 retro

189 2816 259 2870 Fata
271 2820 379 2883 vocant,
394 2813 542 2882 conditque
555 2813 680 2868 natantia
691 2814 796 2868 lumina
808 2831 930 2868 somnus.

189 2903 302 2972 Iamque
315 2902 389 2956 vale:
410 2903 487 2956 feror
499 2902 604 2974 ingenti
618 2902 788 2956 circumdata
800 2907 889 2969 nocte,

189 2989 380 3059 invalidasque
393 2989 444 3043 tibi
457 2988 580 3055 tendens,
596 2989 650 3042 heu
662 3005 720 3042 non
732 2994 788 3056 tua,
802 2990 922 3058 palmas!
934 2988 941 3016 ’

190 3076 277 3144 Dixit,
293 3081 322 3130 et
334 3093 368 3130 ex
380 3076 466 3130 oculis
479 3075 579 3144 subito,
594 3093 644 3130 ceu
656 3076 750 3129 fumus
762 3077 791 3130 iu
803 3093 884 3130 auras

190 3163 363 3218 Gommixtus
376 3164 475 3226 tenuis,
489 3163 562 3232 fugit
574 3161 690 3229 diversa,
703 3179 794 3232 neque
807 3162 892 3230 illum,

189 3251 370 3306 Prensantem
383 3251 550 3320 nequiquam
562 3251 674 3304 umbras
687 3255 715 3304 et
727 3251 814 3304 multa
827 3251 966 3305 volentem

189 3339 298 3406 Dicere,
312 3343 455 3407 praeterea
468 3337 551 3404 vidit,
572 3354 625 3392 neo
636 3337 758 3405 portitor
771 3337 838 3391 Orci

191 3426 318 3494 Amplius
331 3425 467 3478 obiectam
479 3439 574 3492 passus
586 3423 704 3476 transire
717 3423 853 3490 paludem.

190 3510 264 3576 orrid
276 3511 399 3565 faceret?
419 3525 473 3578 quo
486 3526 515 3561 se
527 3515 607 3577 rapta
619 3511 660 3562 bis
673 3510 788 3578 coniuge
801 3511 908 3563 ferreti
