2734 3936
507 217 644 266 VEBGlLl
668 214 855 265 (111011611101Τ
881 215 913 266 11.

199 379 297 446 Eruit3
317 378 380 433 illae
393 378 479 433 altum
491 378 564 432 nidis
576 379 681 446 petiere
694 377 813 445 relictis;

200 466 241 519 At
253 465 329 519 rudis
342 466 442 520 enituit
455 466 574 534 impulso
587 481 697 518 vomere
710 481 832 533 campus.

200 552 273 606 Nam
286 553 379 607 ieiuna
391 552 500 622 quidem
514 553 609 606 clivosi
623 552 716 621 glarea
728 553 798 605 ruris

201 639 258 693 Vix
270 639 383 692 humilis
395 640 491 708 apibus
504 640 590 694 casias
603 656 748 708 roremque
762 639 917 708 ministram

200 727 237 781 Et
249 728 325 781 tofus
338 727 440 794 scaber,
456 736 483 780 et
495 727 580 792 nigris
592 743 673 780 exesa
685 727 824 794 chelydris

201 815 285 868 Creta
297 820 400 882 negant
413 814 481 867 alios
495 830 581 882 aeque
595 814 768 882 serpentibus
780 831 861 882 agros

199 902 316 954 Dulcem
330 901 402 954 ferre
415 900 507 954 cibum
523 905 551 954 et
564 917 662 954 curvas
674 901 807 969 praebere
821 900 949 955 latebras.

201 987 279 1054 Quae
292 993 403 1041 tenuem
418 986 529 1040 exhalat
543 987 671 1040 nebulam
686 988 830 1056 fumosque
843 988 972 1054 volucris,

200 1075 237 1129 Et
250 1075 320 1129 bibit
334 1091 465 1142 umorem,
481 1080 516 1142 et,
532 1091 593 1128 cum
607 1075 673 1140 volt,
688 1091 721 1128 ex
735 1091 763 1128 se
776 1076 833 1143 ipsa
845 1075 971 1141 remittit,

202 1163 332 1231 Quaeque
344 1179 394 1216 sno
408 1147 516 1231 semper
528 1161 610 1215 viridi
622 1178 652 1215 se
664 1162 788 1229 gramine
801 1162 892 1229 vestit,

201 1249 261 1304 Nec
273 1250 364 1303 scabie
380 1255 408 1303 et
420 1249 491 1303 salsa
503 1248 587 1303 laedit
599 1248 725 1316 robigine
737 1249 857 1302 ferrum:

201 1337 252 1390 Illa
265 1337 317 1390 tibi
329 1335 410 1390 laetis
421 1335 529 1389 intexet
541 1335 643 1388 vitibus
654 1335 751 1402 ulmos,

201 1423 254 1479 Illa
266 1427 342 1477 ferax
356 1422 416 1476 oleo
430 1427 479 1489 est,
493 1422 568 1476 illam
583 1423 724 1490 experiere
738 1422 853 1476 colendo

200 1511 238 1564 Et
250 1509 359 1564 facilem
372 1509 466 1579 pecori
479 1515 508 1562 et
520 1509 671 1577 patientem
684 1510 805 1563 vomeris
817 1510 888 1564 unci.

201 1597 295 1652 Talem
309 1596 386 1650 dives
398 1602 459 1650 arat
472 1595 566 1664 (lapus
579 1601 607 1650 et
620 1596 709 1651 vicina
722 1596 851 1650 Vesaevo

201 1686 258 1742 Ora
270 1688 335 1756 iugo
348 1691 376 1740 et
387 1684 480 1739 vacuis
492 1683 605 1738 Clanius
617 1701 674 1737 non
687 1701 789 1754 aequus
802 1685 922 1738 Acerris.

237 1774 327 1841 Nunc,
342 1789 396 1842 quo
410 1788 545 1841 quamque
557 1771 641 1824 modo
652 1772 740 1840 possis
754 1786 928 1840 cognoscere,
943 1771 1041 1826 dicam.

202 1860 276 1915 Rara
288 1860 324 1913 sit
337 1876 371 1914 an
385 1875 467 1928 supra
479 1875 584 1912 morem
597 1861 618 1910 si
632 1859 717 1912 densa
729 1858 886 1926 requires-

202 1951 301 2005 Altera
313 1951 458 2005 frumentis
472 1950 599 2020 quoniam
612 1950 696 2018 favet,
711 1949 798 2003 altera
810 1947 928 2015 Baccho,

201 2038 294 2093 Densa
306 2041 394 2108 magis
408 2039 509 2106 Cereri,
523 2039 663 2092 rarissima
676 2053 799 2106 quaeque
812 2035 939 2101 Lyaeo—

202 2126 278 2180 Ante
291 2126 382 2180 locum
397 2127 487 2195 capies
501 2127 594 2190 oculis,
609 2125 718 2194 alteque
730 2123 837 2177 iubebis

201 2213 235 2268 In
249 2216 337 2272 solido
351 2223 465 2287 puteum
479 2216 595 2281 demitti,
611 2232 775 2284 omnemque
790 2230 907 2283 repones

202 2302 307 2358 Rursus
319 2306 442 2373 humum,
460 2310 489 2358 et
501 2303 618 2373 pedibus
630 2319 750 2356 summas
763 2301 892 2370 aequabis
903 2298 1031 2353 harenas.

202 2390 231 2445 Si
244 2391 369 2460 deerunt,
384 2409 476 2447 rarum
500 2391 646 2460 pecorique
660 2396 688 2444 et
701 2389 803 2442 vitibus
816 2388 894 2442 almis

203 2480 303 2548 Aptius
316 2480 385 2533 uber
398 2479 466 2544 erit,
488 2478 571 2531 sinin
585 2495 631 2531 suu
645 2493 725 2545 posse
737 2475 878 2544 negabunt

202 2565 246 2619 lre
258 2565 319 2620 loca
331 2572 360 2620 et
373 2563 516 2620 scrobibus
528 2565 668 2632 superabit
679 2569 755 2616 terra
767 2562 887 2631 repletis,

202 2651 309 2720 Spissus
322 2669 404 2721 ager,
426 2651 537 2720 glaebas
549 2650 704 2704 cunctantis
716 2665 861 2717 crassaque
873 2653 952 2717 terga

202 2739 346 2808 Exspecta,
362 2744 390 2793 et
402 2739 501 2793 validis
513 2746 616 2792 terram
629 2737 775 2806 proscinde
786 2737 917 2790 iuvencis.

202 2826 279 2880 Salsa
292 2832 383 2881 autem
395 2826 477 2879 tellus
490 2830 518 2878 ct
531 2841 600 2894 quae
614 2823 775 2893 perhibetur
787 2839 887 2889 amara,

202 2913 337 2981 Frugibus
349 2913 475 2967 infelix-
483 2929 515 2966 ea
536 2928 588 2966 nec
600 2911 767 2965 mansuescit
779 2910 889 2976 arando,

202 2999 261 3054 Nec
274 2999 385 3054 Baccho
397 3015 490 3068 genus,
506 3003 553 3053 aut
566 2999 656 3068 pomis
668 3014 718 3051 sua
729 2998 840 3050 nomina
852 3000 981 3050 servat-

201 3085 266 3140 Tale
279 3086 357 3141 dabit
370 3087 524 3155 specimen:
546 3085 585 3138 Tu
597 3086 686 3154 spisso
699 3083 801 3136 vimine
815 3083 918 3152 qualos,

202 3173 323 3242 (lolaque
329 3174 472 3242 prelorum
486 3174 600 3227 fumosis
613 3172 708 3240 deripe
720 3171 816 3234 tectis;

201 3260 263 3314 Huc
276 3277 342 3330 ager
353 3260 400 3315 ille
413 3261 501 3315 malus
514 3261 661 3328 dulcesque
674 3276 690 3314 a
702 3259 828 3312 fontibus
839 3257 930 3311 undae

201 3347 246 3400 Ad
264 3347 375 3415 plenum
391 3348 548 3401 calcentur:
569 3363 639 3415 aqua
652 3347 818 3399 eluctabitur
830 3346 920 3397 omnis

201 3433 318 3502 Scilicet,
333 3438 362 3488 et
374 3434 491 3502 grandes
504 3434 583 3486 ibunt
596 3449 645 3501 per·
658 3433 762 3485 vimina
774 3437 886 3498 guttae;

201 3520 241 3572 At
254 3536 335 3588 sapor
347 3520 479 3572 indicium
492 3519 575 3572 faciet
585 3519 757 3584 manifestus,
772 3522 800 3571 et
812 3533 861 3570 ora
