2730 3936
464 215 602 266 VERGILl
625 217 789 266 acuamus
812 218 857 268 111.

149 378 258 433 Troiam
272 378 388 433 animia:
410 384 519 432 maneat
533 384 644 432 nostros
656 395 689 433 oa
701 395 766 433 cura
779 380 921 449 nepotes.'’

184 465 370 519 Provehimur
381 465 480 534 pelago
493 465 584 519 vicina
598 465 734 520 Ueraunia
746 467 832 535 iuxta,

150 551 230 605 Unde
241 552 297 605 iter
310 551 419 606 Italiam
432 567 581 620 cursusque
595 553 772 606 brevissimus
786 554 873 608 undis.

149 635 196 692 Sol
208 639 266 691 ruit
278 639 387 692 interea
400 643 427 692 et
440 644 548 691 montes
561 640 726 693 umbrantur
740 641 826 709 opaci.

150 723 307 778 Sternimur
318 730 432 795 optatae
445 726 550 794 gremio
564 725 671 779 telluris
684 725 719 780 ad
733 727 841 796 undam,

150 811 250 865 Sortiti
262 828 362 880 remos,
376 813 532 881 passimque
545 813 574 865 in
588 813 669 867 litora
682 814 755 868 sicco

149 898 275 968 Corpora
287 915 431 965 curamus3
452 899 539 954 fessos
552 916 635 969 sopor
646 901 749 970 inrigat
761 907 844 958 artus.

149 985 276 1039 Necdum
291 986 386 1039 orbem
401 986 521 1040 medium
535 985 561 1038 N
564 1003 597 1040 ox
612 987 695 1041 Horis
707 994 768 1042 acta
781 991 906 1045 subibat:

149 1071 233 1124 Haud
246 1071 338 1138 segnis
351 1076 438 1124 strato
451 1071 539 1140 surgit
551 1071 697 1126 Palinurus
710 1081 738 1126 et
751 1075 840 1128 omnis

148 1158 285 1226 Explorat
300 1163 404 1226 ventos
419 1164 502 1226 atque
514 1158 627 1212 auribus
640 1165 704 1213 aera
715 1166 824 1230 captat3

149 1245 248 1299 Sidera
259 1251 360 1298 cuncta
371 1251 450 1298 notat
462 1245 548 1298 tacito
561 1245 683 1300 labantia
695 1247 779 1314 caelo,

148 1333 304 1386 Arcturum
318 1331 477 1400 pluviasque
490 1332 602 1399 Hyadas
614 1335 792 1402 geminosque
804 1334 926 1403 Triones,

148 1419 353 1488 Armatumqua
365 1435 433 1472 auro
446 1419 630 1488 circumspicit
643 1420 755 1475 Oriona.

148 1507 303 1575 Postquam
316 1514 415 1560 cuncta
427 1507 503 1560 videt
516 1506 592 1561 caelo
605 1513 731 1562 constare
744 1526 849 1577 sereno,

147 1595 206 1648 Dat
218 1594 323 1649 clarum
337 1614 352 1650 e
365 1597 451 1666 puppi
463 1598 587 1665 signum
609 1614 659 1651 nos
671 1603 762 1652 castra
774 1615 925 1666 movemus,

148 1683 381 1753 Temptamusque
391 1685 466 1738 ‚viam
480 1683 511 1738 et‘
520 1684 646 1738 velorum
659 1685 804 1753 pandimus
816 1685 881 1739 alas.

147 1771 264 1839 Iamque
277 1771 439 1828 rubescebat
451 1771 538 1825 stellis
550 1772 661 1825 Aurora
673 1771 782 1840 sugatis,
880 1789 882 1794 ·

148 1861 221 1914 Cum
234 1862 330 1929 procul
342 1863 473 1916 obscuros
485 1861 562 1915 collis
574 1861 761 1930 humilemque
774 1861 899 1916 videmus

146 1947 268 2002 Italiam.
306 1947 415 2002 Italiam
428 1949 533 2018 primus
546 1949 700 2002 conclamat
712 1949 842 2018 Achates,

146 2036 259 2091 Italiam
272 2036 345 2091 laeto
357 2038 424 2091 socii
436 2037 556 2092 clamore
569 2037 697 2090 salutant.

146 2123 218 2177 Tum
232 2130 311 2192 pater
322 2124 458 2178 Anchises
471 2141 601 2194 magnum
613 2130 721 2178 cratera
732 2141 834 2178 corona

147 2211 245 2264 Induit
258 2211 436 2280 implevitque
447 2228 532 2281 mero,
548 2213 680 2281 divosque
693 2213 803 2266 vocavit

147 2299 232 2353 Stans
245 2298 317 2352 celsa
328 2300 357 2351 in
370 2300 470 2368 puppi:

148 2387 214 2440 “Di
227 2389 311 2442 maria
324 2395 352 2442 et
364 2394 454 2442 terrae
466 2393 717 2458 tempestatumque
729 2394 865 2458 potentes,

146 2474 232 2528 Ferte
245 2475 318 2529 viam
332 2483 416 2530 vento
429 2476 538 2531 facilem
553 2480 581 2530 et
593 2477 695 2544 spirate
708 2469 848 2529 secundi?

147 2561 335 2616 Crebrescunt
348 2570 458 2632 optatae
469 2579 560 2632 aurae,
575 2569 726 2634 portusque
738 2565 855 2632 patescit

146 2647 207 2702 Iam
220 2650 342 2719 propior,
356 2651 544 2720 templumque
562 2657 677 2720 apparet
688 2651 719 2704 in
731 2669 793 2706 arce
806 2652 955 2708 Minervae.

147 2734 221 2790 Vela
232 2736 329 2804 legunt
342 2739 418 2806 socii,
433 2745 462 2791 et
474 2749 571 2806 proras
584 2738 618 2792 ad
630 2733 713 2792 litora
726 2743 864 2807 torquent.
987 2735 989 2740 ’

147 2823 251 2877 Portus
264 2824 298 2876 ab
311 2823 404 2878 Euroo
410 2823 502 2878 ’fluctu
515 2831 645 2880 curvatus
656 2821 687 2878 in
699 2843 808 2892 arcum3

147 2910 282 2964 Obiectae
294 2910 365 2968 salsa
377 2907 510 2980 spumant
520 2907 669 2981 aspargine
677 2919 786 2979 cautes;
856 2909 858 2914 ’

146 2998 210 3068 Ipse
222 2998 307 3066 latct3
328 2999 438 3066 gemino
451 2998 601 3052 demittunt
613 3000 742 3054 bracchia
753 3018 833 3054 muro

146 3086 252 3140 Turriti
265 3086 378 3155 scopuli,
393 3087 549 3156 refugitque
561 3087 596 3141 ab
609 3088 690 3141 litore
705 3088 847 3158 templum.

146 3174 287 3240 Quattuor
299 3173 352 3240 hic,
367 3175 486 3242 primum
500 3191 589 3238 omen,
605 3191 688 3243 equos
700 3176 728 3228 in
743 3175 868 3243 gramine
882 3169 940 3228 vidi

146 3259 299 3314 'tondentis
313 3277 440 3329 campum
452 3260 515 3327 late,
531 3261 649 3315 candore
661 3262 754 3316 nivali.
924 3257 926 3262 ’

145 3347 182 3402 Et
194 3353 275 3416 pater
288 3348 439 3401 Anchises:
463 3346 603 3415 “Bellum
620 3365 636 3401 o
650 3355 725 3402 terra
736 3349 854 3418 hospita,
868 3355 980 3419 portam

146 3434 226 3489 Bello
240 3439 383 3488 armantur
396 3431 582 3502 equifb'ellurn
597 3435 666 3488 haec
678 3442 804 3490 armenta
815 3436 964 3494 minantur.
988 3447 989 3452 ’
1019 3429 1021 3436 ’

145 3521 201 3576 Sed
214 3530 309 3575 tamen
322 3521 395 3575 idem
409 3521 475 3574 olim
489 3538 571 3574 curru
586 3522 731 3576 succedere
744 3523 815 3576 sueti
