<?xml version="1.0" encoding="UTF-8"?>
<!DOCTYPE html PUBLIC "-//W3C//DTD XHTML 1.0 Transitional//EN"
    "http://www.w3.org/TR/xhtml1/DTD/xhtml1-transitional.dtd">
<html xmlns="http://www.w3.org/1999/xhtml" xml:lang="en" lang="en">
 <head>
  <title>
</title>
<meta http-equiv="Content-Type" content="text/html;charset=utf-8" />
  <meta name='ocr-system' content='tesseract 3.04.00' />
  <meta name='ocr-capabilities' content='ocr_page ocr_carea ocr_par ocr_line ocrx_word'/>
</head>
<body>
  <div class='ocr_page' id='page_1' title='image "./arevisedtextpoe00virggoog_0180.png"; bbox 0 0 2730 3936; ppageno 0'>
   <div class='ocr_carea' id='block_1_1' title="bbox 502 235 893 285">
    <p class='ocr_par' dir='ltr' id='par_1_1' title="bbox 502 235 893 285">
     <span class='ocr_line' id='line_1_1' title="bbox 502 235 893 285; baseline -0.003 0"><span class='ocrx_word' id='word_1_1' title='bbox 502 235 639 285; x_wconf 76' lang='lat' dir='ltr'><strong>vanem</strong></span> <span class='ocrx_word' id='word_1_2' title='bbox 661 235 825 284; x_wconf 71' lang='lat' dir='ltr'><strong>assumes</strong></span> <span class='ocrx_word' id='word_1_3' title='bbox 848 235 893 284; x_wconf 91' lang='grc' dir='ltr'><strong>ΠΙ.</strong></span> 
     </span>
    </p>
   </div>
   <div class='ocr_carea' id='block_1_2' title="bbox 145 397 999 3169">
    <p class='ocr_par' dir='ltr' id='par_1_2' title="bbox 190 397 928 903">
     <span class='ocr_line' id='line_1_2' title="bbox 190 397 854 456; baseline -0.006 -1"><span class='ocrx_word' id='word_1_4' title='bbox 190 398 218 456; x_wconf 84' lang='lat' dir='ltr'>N</span> <span class='ocrx_word' id='word_1_5' title='bbox 219 416 250 454; x_wconf 88' lang='lat' dir='ltr'><strong>eo</strong></span> <span class='ocrx_word' id='word_1_6' title='bbox 261 405 292 452; x_wconf 92' lang='lat' dir='ltr'><strong>tu</strong></span> <span class='ocrx_word' id='word_1_7' title='bbox 304 415 461 453; x_wconf 88' lang='lat' dir='ltr'><strong>mensarum</strong></span> <span class='ocrx_word' id='word_1_8' title='bbox 472 414 580 451; x_wconf 89' lang='lat' dir='ltr'><strong>morsus</strong></span> <span class='ocrx_word' id='word_1_9' title='bbox 591 397 721 452; x_wconf 86' lang='lat' dir='ltr'><strong>horresce</strong></span> <span class='ocrx_word' id='word_1_10' title='bbox 732 397 854 451; x_wconf 86' lang='lat' dir='ltr'><strong>futuros:</strong></span> 
     </span>
     <span class='ocr_line' id='line_1_3' title="bbox 190 484 905 553; baseline -0.003 -13"><span class='ocrx_word' id='word_1_11' title='bbox 190 487 344 541; x_wconf 78' lang='lat' dir='ltr'><strong>Patavium</strong></span> <span class='ocrx_word' id='word_1_12' title='bbox 357 487 501 539; x_wconf 86' lang='lat' dir='ltr'><strong>invenient</strong></span> <span class='ocrx_word' id='word_1_13' title='bbox 513 485 656 553; x_wconf 88' lang='lat' dir='ltr'><strong>aderitque</strong></span> <span class='ocrx_word' id='word_1_14' title='bbox 669 489 783 538; x_wconf 86' lang='lat' dir='ltr'><strong>vocatus</strong></span> <span class='ocrx_word' id='word_1_15' title='bbox 793 484 905 552; x_wconf 86' lang='lat' dir='ltr'><strong>Apollo.</strong></span> 
     </span>
     <span class='ocr_line' id='line_1_4' title="bbox 191 572 877 641; baseline -0.004 -14"><span class='ocrx_word' id='word_1_16' title='bbox 191 574 249 627; x_wconf 89' lang='lat' dir='ltr'><strong>Has</strong></span> <span class='ocrx_word' id='word_1_17' title='bbox 261 579 353 627; x_wconf 87' lang='lat' dir='ltr'><strong>autem</strong></span> <span class='ocrx_word' id='word_1_18' title='bbox 366 579 462 641; x_wconf 85' lang='lat' dir='ltr'><strong>terras,</strong></span> <span class='ocrx_word' id='word_1_19' title='bbox 477 572 593 641; x_wconf 81' lang='lat' dir='ltr'>Italique</span> <span class='ocrx_word' id='word_1_20' title='bbox 606 572 678 626; x_wconf 87' lang='lat' dir='ltr'><strong>hano</strong></span> <span class='ocrx_word' id='word_1_21' title='bbox 691 572 779 625; x_wconf 88' lang='lat' dir='ltr'><strong>litoris</strong></span> <span class='ocrx_word' id='word_1_22' title='bbox 792 588 877 639; x_wconf 87' lang='lat' dir='ltr'><strong>oram,</strong></span> 
     </span>
     <span class='ocr_line' id='line_1_5' title="bbox 190 659 928 729; baseline -0.005 -15"><span class='ocrx_word' id='word_1_23' title='bbox 190 661 322 715; x_wconf 85' lang='lat' dir='ltr'><strong>Proxima</strong></span> <span class='ocrx_word' id='word_1_24' title='bbox 334 677 403 729; x_wconf 88' lang='lat' dir='ltr'><strong>quae</strong></span> <span class='ocrx_word' id='word_1_25' title='bbox 416 659 503 713; x_wconf 90' lang='lat' dir='ltr'><strong>nostri</strong></span> <span class='ocrx_word' id='word_1_26' title='bbox 516 659 692 728; x_wconf 84' lang='lat' dir='ltr'><strong>perfunditur</strong></span> <span class='ocrx_word' id='word_1_27' title='bbox 704 659 831 726; x_wconf 87' lang='lat' dir='ltr'><strong>aequoris</strong></span> <span class='ocrx_word' id='word_1_28' title='bbox 843 662 928 727; x_wconf 81' lang='lat' dir='ltr'><strong>aestu,</strong></span> 
     </span>
     <span class='ocr_line' id='line_1_6' title="bbox 191 745 913 817; baseline -0.001 -16"><span class='ocrx_word' id='word_1_29' title='bbox 191 749 304 817; x_wconf 85' lang='lat' dir='ltr'><strong>Effuge;</strong></span> <span class='ocrx_word' id='word_1_30' title='bbox 326 755 425 801; x_wconf 90' lang='lat' dir='ltr'><strong>cuncta</strong></span> <span class='ocrx_word' id='word_1_31' title='bbox 437 748 517 802; x_wconf 89' lang='lat' dir='ltr'><strong>malis</strong></span> <span class='ocrx_word' id='word_1_32' title='bbox 529 747 691 800; x_wconf 78' lang='lat' dir='ltr'><strong>habitantur</strong></span> <span class='ocrx_word' id='word_1_33' title='bbox 703 746 813 799; x_wconf 90' lang='lat' dir='ltr'><strong>moenia</strong></span> <span class='ocrx_word' id='word_1_34' title='bbox 824 745 913 800; x_wconf 83' lang='lat' dir='ltr'><strong>Grais.</strong></span> 
     </span>
     <span class='ocr_line' id='line_1_7' title="bbox 192 832 795 903; baseline -0.005 -15"><span class='ocrx_word' id='word_1_35' title='bbox 192 836 245 890; x_wconf 85' lang='lat' dir='ltr'><strong>Hic</strong></span> <span class='ocrx_word' id='word_1_36' title='bbox 257 843 285 889; x_wconf 88' lang='lat' dir='ltr'><strong>et</strong></span> <span class='ocrx_word' id='word_1_37' title='bbox 298 835 411 902; x_wconf 81' lang='lat' dir='ltr'><strong>Narycii</strong></span> <span class='ocrx_word' id='word_1_38' title='bbox 424 839 575 903; x_wconf 90' lang='lat' dir='ltr'><strong>posueruut</strong></span> <span class='ocrx_word' id='word_1_39' title='bbox 586 834 695 887; x_wconf 91' lang='lat' dir='ltr'><strong>moenia</strong></span> <span class='ocrx_word' id='word_1_40' title='bbox 706 832 795 902; x_wconf 84' lang='lat' dir='ltr'><strong>Locri,</strong></span> 
     </span>
    </p>

    <p class='ocr_par' dir='ltr' id='par_1_3' title="bbox 191 920 751 990">
     <span class='ocr_line' id='line_1_8' title="bbox 191 920 751 990; baseline -0.005 -14"><span class='ocrx_word' id='word_1_41' title='bbox 191 923 228 976; x_wconf 85' lang='lat' dir='ltr'><strong>Et</strong></span> <span class='ocrx_word' id='word_1_42' title='bbox 241 922 407 976; x_wconf 81' lang='lat' dir='ltr'><strong>Sallentinos</strong></span> <span class='ocrx_word' id='word_1_43' title='bbox 420 921 528 975; x_wconf 79' lang='lat' dir='ltr'><strong>obsedit</strong></span> <span class='ocrx_word' id='word_1_44' title='bbox 540 920 628 974; x_wconf 90' lang='lat' dir='ltr'><strong>milite</strong></span> <span class='ocrx_word' id='word_1_45' title='bbox 640 937 751 990; x_wconf 91' lang='lat' dir='ltr'><strong>campos</strong></span> 
     </span>
    </p>

    <p class='ocr_par' dir='ltr' id='par_1_4' title="bbox 192 1006 856 1152">
     <span class='ocr_line' id='line_1_9' title="bbox 192 1006 856 1078; baseline -0.003 -14"><span class='ocrx_word' id='word_1_46' title='bbox 192 1010 305 1078; x_wconf 85' lang='lat' dir='ltr'><strong>Lyctius</strong></span> <span class='ocrx_word' id='word_1_47' title='bbox 318 1009 499 1075; x_wconf 83' lang='lat' dir='ltr'><strong>Idomeneus3</strong></span> <span class='ocrx_word' id='word_1_48' title='bbox 521 1008 566 1062; x_wconf 92' lang='lat' dir='ltr'><strong>hic</strong></span> <span class='ocrx_word' id='word_1_49' title='bbox 579 1006 626 1061; x_wconf 89' lang='lat' dir='ltr'><strong>illa</strong></span> <span class='ocrx_word' id='word_1_50' title='bbox 638 1007 715 1061; x_wconf 91' lang='lat' dir='ltr'><strong>ducis</strong></span> <span class='ocrx_word' id='word_1_51' title='bbox 727 1007 856 1062; x_wconf 83' lang='lat' dir='ltr'><strong>Meliboei</strong></span> 
     </span>
     <span class='ocr_line' id='line_1_10' title="bbox 192 1095 814 1152; baseline -0.003 -1"><span class='ocrx_word' id='word_1_52' title='bbox 192 1098 282 1152; x_wconf 86' lang='lat' dir='ltr'><strong>Parva</strong></span> <span class='ocrx_word' id='word_1_53' title='bbox 294 1097 467 1151; x_wconf 90' lang='lat' dir='ltr'><strong>Philoctetae</strong></span> <span class='ocrx_word' id='word_1_54' title='bbox 481 1095 597 1149; x_wconf 85' lang='lat' dir='ltr'><strong>subnixa</strong></span> <span class='ocrx_word' id='word_1_55' title='bbox 609 1095 715 1149; x_wconf 88' lang='lat' dir='ltr'><strong>Petelia</strong></span> <span class='ocrx_word' id='word_1_56' title='bbox 726 1111 814 1150; x_wconf 89' lang='lat' dir='ltr'><strong>muro.</strong></span> 
     </span>
    </p>

    <p class='ocr_par' dir='ltr' id='par_1_5' title="bbox 191 1182 999 1427">
     <span class='ocr_line' id='line_1_11' title="bbox 193 1182 999 1254; baseline -0.001 -17"><span class='ocrx_word' id='word_1_57' title='bbox 193 1185 274 1254; x_wconf 78' lang='lat' dir='ltr'><strong>Quin,</strong></span> <span class='ocrx_word' id='word_1_58' title='bbox 289 1185 337 1238; x_wconf 91' lang='lat' dir='ltr'><strong>ubi</strong></span> <span class='ocrx_word' id='word_1_59' title='bbox 349 1183 524 1237; x_wconf 82' lang='lat' dir='ltr'><strong>transmissae</strong></span> <span class='ocrx_word' id='word_1_60' title='bbox 538 1182 665 1236; x_wconf 86' lang='lat' dir='ltr'><strong>steterint</strong></span> <span class='ocrx_word' id='word_1_61' title='bbox 676 1187 754 1236; x_wconf 88' lang='lat' dir='ltr'><strong>trans</strong></span> <span class='ocrx_word' id='word_1_62' title='bbox 767 1199 887 1252; x_wconf 84' lang='lat' dir='ltr'><strong>aequora</strong></span> <span class='ocrx_word' id='word_1_63' title='bbox 899 1183 999 1237; x_wconf 78' lang='lat' dir='ltr'><strong>classes</strong></span> 
     </span>
     <span class='ocr_line' id='line_1_12' title="bbox 191 1269 799 1341; baseline -0.007 -15"><span class='ocrx_word' id='word_1_64' title='bbox 191 1272 228 1326; x_wconf 87' lang='lat' dir='ltr'><strong>Et</strong></span> <span class='ocrx_word' id='word_1_65' title='bbox 241 1272 339 1341; x_wconf 89' lang='lat' dir='ltr'><strong>positis</strong></span> <span class='ocrx_word' id='word_1_66' title='bbox 353 1270 407 1324; x_wconf 90' lang='lat' dir='ltr'><strong>aris</strong></span> <span class='ocrx_word' id='word_1_67' title='bbox 420 1272 475 1324; x_wconf 88' lang='lat' dir='ltr'><strong>iam</strong></span> <span class='ocrx_word' id='word_1_68' title='bbox 489 1274 556 1323; x_wconf 87' lang='lat' dir='ltr'><strong>vota</strong></span> <span class='ocrx_word' id='word_1_69' title='bbox 567 1269 596 1322; x_wconf 91' lang='lat' dir='ltr'><strong>in</strong></span> <span class='ocrx_word' id='word_1_70' title='bbox 609 1269 690 1323; x_wconf 88' lang='lat' dir='ltr'><strong>litore</strong></span> <span class='ocrx_word' id='word_1_71' title='bbox 703 1270 799 1337; x_wconf 77' lang='lat' dir='ltr'><strong>seluce,</strong></span> 
     </span>
     <span class='ocr_line' id='line_1_13' title="bbox 192 1358 838 1427; baseline 0.002 -16"><span class='ocrx_word' id='word_1_72' title='bbox 192 1359 336 1427; x_wconf 88' lang='lat' dir='ltr'><strong>Purpureo</strong></span> <span class='ocrx_word' id='word_1_73' title='bbox 353 1358 444 1411; x_wconf 88' lang='lat' dir='ltr'><strong>velare</strong></span> <span class='ocrx_word' id='word_1_74' title='bbox 459 1374 552 1411; x_wconf 87' lang='lat' dir='ltr'><strong>comas</strong></span> <span class='ocrx_word' id='word_1_75' title='bbox 565 1358 714 1425; x_wconf 85' lang='lat' dir='ltr'><strong>adopertus</strong></span> <span class='ocrx_word' id='word_1_76' title='bbox 727 1359 838 1426; x_wconf 88' lang='lat' dir='ltr'><strong>amictu,</strong></span> 
     </span>
    </p>

    <p class='ocr_par' dir='ltr' id='par_1_6' title="bbox 145 1445 880 1587">
     <span class='ocr_line' id='line_1_14' title="bbox 145 1445 880 1520; baseline 0 -21"><span class='ocrx_word' id='word_1_77' title='bbox 145 1517 146 1520; x_wconf 8' lang='grc' dir='ltr'><strong>Ἴ</strong></span> <span class='ocrx_word' id='word_1_78' title='bbox 192 1445 237 1499; x_wconf 86' lang='lat' dir='ltr'><strong>Ne</strong></span> <span class='ocrx_word' id='word_1_79' title='bbox 249 1462 303 1514; x_wconf 89' lang='lat' dir='ltr'><strong>qua</strong></span> <span class='ocrx_word' id='word_1_80' title='bbox 315 1445 388 1498; x_wconf 89' lang='lat' dir='ltr'><strong>inter</strong></span> <span class='ocrx_word' id='word_1_81' title='bbox 401 1449 510 1499; x_wconf 90' lang='lat' dir='ltr'><strong>sanctos</strong></span> <span class='ocrx_word' id='word_1_82' title='bbox 523 1445 594 1512; x_wconf 84' lang='lat' dir='ltr'><strong>ignis</strong></span> <span class='ocrx_word' id='word_1_83' title='bbox 606 1445 635 1497; x_wconf 89' lang='lat' dir='ltr'><strong>in</strong></span> <span class='ocrx_word' id='word_1_84' title='bbox 648 1445 753 1498; x_wconf 90' lang='lat' dir='ltr'><strong>honore</strong></span> <span class='ocrx_word' id='word_1_85' title='bbox 765 1445 880 1500; x_wconf 90' lang='lat' dir='ltr'><strong>deorum</strong></span> 
     </span>
     <span class='ocr_line' id='line_1_15' title="bbox 191 1532 803 1587; baseline -0.002 0"><span class='ocrx_word' id='word_1_86' title='bbox 191 1532 308 1587; x_wconf 88' lang='lat' dir='ltr'><strong>Hostilis</strong></span> <span class='ocrx_word' id='word_1_87' title='bbox 321 1532 403 1586; x_wconf 87' lang='lat' dir='ltr'><strong>facies</strong></span> <span class='ocrx_word' id='word_1_88' title='bbox 416 1537 543 1585; x_wconf 89' lang='lat' dir='ltr'><strong>occurrat</strong></span> <span class='ocrx_word' id='word_1_89' title='bbox 556 1537 585 1585; x_wconf 88' lang='lat' dir='ltr'><strong>et</strong></span> <span class='ocrx_word' id='word_1_90' title='bbox 597 1533 690 1586; x_wconf 90' lang='lat' dir='ltr'><strong>omina</strong></span> <span class='ocrx_word' id='word_1_91' title='bbox 701 1533 803 1586; x_wconf 89' lang='lat' dir='ltr'><strong>turbet.</strong></span> 
     </span>
    </p>

    <p class='ocr_par' dir='ltr' id='par_1_7' title="bbox 192 1619 917 1776">
     <span class='ocr_line' id='line_1_16' title="bbox 193 1619 917 1688; baseline -0.004 -14"><span class='ocrx_word' id='word_1_92' title='bbox 193 1621 275 1674; x_wconf 92' lang='lat' dir='ltr'><strong>Hunc</strong></span> <span class='ocrx_word' id='word_1_93' title='bbox 289 1619 355 1673; x_wconf 88' lang='lat' dir='ltr'><strong>socii</strong></span> <span class='ocrx_word' id='word_1_94' title='bbox 368 1635 474 1672; x_wconf 88' lang='lat' dir='ltr'><strong>morem</strong></span> <span class='ocrx_word' id='word_1_95' title='bbox 488 1635 636 1684; x_wconf 81' lang='lat' dir='ltr'><strong>sacrorum,</strong></span> <span class='ocrx_word' id='word_1_96' title='bbox 651 1619 725 1673; x_wconf 90' lang='lat' dir='ltr'><strong>hunc</strong></span> <span class='ocrx_word' id='word_1_97' title='bbox 736 1619 795 1688; x_wconf 89' lang='lat' dir='ltr'><strong>ipse</strong></span> <span class='ocrx_word' id='word_1_98' title='bbox 808 1625 917 1674; x_wconf 87' lang='lat' dir='ltr'><strong>teneto:</strong></span> 
     </span>
     <span class='ocr_line' id='line_1_17' title="bbox 192 1707 801 1776; baseline 0 -14"><span class='ocrx_word' id='word_1_99' title='bbox 192 1709 253 1762; x_wconf 89' lang='lat' dir='ltr'><strong>Hac</strong></span> <span class='ocrx_word' id='word_1_100' title='bbox 266 1708 335 1761; x_wconf 89' lang='lat' dir='ltr'><strong>casti</strong></span> <span class='ocrx_word' id='word_1_101' title='bbox 347 1713 478 1762; x_wconf 88' lang='lat' dir='ltr'><strong>maneant</strong></span> <span class='ocrx_word' id='word_1_102' title='bbox 490 1709 520 1760; x_wconf 90' lang='lat' dir='ltr'><strong>in</strong></span> <span class='ocrx_word' id='word_1_103' title='bbox 534 1707 667 1776; x_wconf 83' lang='lat' dir='ltr'><strong>religione</strong></span> <span class='ocrx_word' id='word_1_104' title='bbox 678 1713 801 1776; x_wconf 85' lang='lat' dir='ltr'><strong>nepotes.</strong></span> 
     </span>
    </p>

    <p class='ocr_par' dir='ltr' id='par_1_8' title="bbox 192 1794 982 3006">
     <span class='ocr_line' id='line_1_18' title="bbox 193 1794 882 1862; baseline 0 -12"><span class='ocrx_word' id='word_1_105' title='bbox 193 1797 247 1850; x_wconf 88' lang='lat' dir='ltr'><strong>Ast</strong></span> <span class='ocrx_word' id='word_1_106' title='bbox 261 1795 306 1848; x_wconf 95' lang='lat' dir='ltr'><strong>ubi</strong></span> <span class='ocrx_word' id='word_1_107' title='bbox 321 1795 472 1862; x_wconf 75' lang='lat' dir='ltr'><strong>digressum</strong></span> <span class='ocrx_word' id='word_1_108' title='bbox 487 1795 594 1849; x_wconf 78' lang='lat' dir='ltr'><strong>Siculae</strong></span> <span class='ocrx_word' id='word_1_109' title='bbox 608 1799 636 1848; x_wconf 92' lang='lat' dir='ltr'><strong>te</strong></span> <span class='ocrx_word' id='word_1_110' title='bbox 650 1794 805 1850; x_wconf 87' lang='lat' dir='ltr'><strong>admoverit</strong></span> <span class='ocrx_word' id='word_1_111' title='bbox 818 1812 882 1850; x_wconf 86' lang='lat' dir='ltr'><strong>orae</strong></span> 
     </span>
     <span class='ocr_line' id='line_1_19' title="bbox 193 1883 859 1953; baseline -0.005 -14"><span class='ocrx_word' id='word_1_112' title='bbox 193 1886 304 1939; x_wconf 88' lang='lat' dir='ltr'><strong>Ventus</strong></span> <span class='ocrx_word' id='word_1_113' title='bbox 317 1891 344 1939; x_wconf 91' lang='lat' dir='ltr'><strong>et</strong></span> <span class='ocrx_word' id='word_1_114' title='bbox 357 1885 464 1953; x_wconf 84' lang='lat' dir='ltr'><strong>angusti</strong></span> <span class='ocrx_word' id='word_1_115' title='bbox 478 1890 616 1938; x_wconf 85' lang='lat' dir='ltr'><strong>rarescent</strong></span> <span class='ocrx_word' id='word_1_116' title='bbox 628 1883 746 1937; x_wconf 87' lang='lat' dir='ltr'><strong>claustra</strong></span> <span class='ocrx_word' id='word_1_117' title='bbox 758 1883 859 1952; x_wconf 89' lang='lat' dir='ltr'><strong>Pelori,</strong></span> 
     </span>
     <span class='ocr_line' id='line_1_20' title="bbox 192 1973 810 2041; baseline -0.006 -13"><span class='ocrx_word' id='word_1_118' title='bbox 192 1973 285 2028; x_wconf 87' lang='lat' dir='ltr'><strong>Laeva</strong></span> <span class='ocrx_word' id='word_1_119' title='bbox 297 1974 347 2028; x_wconf 89' lang='lat' dir='ltr'><strong>tibi</strong></span> <span class='ocrx_word' id='word_1_120' title='bbox 360 1973 443 2026; x_wconf 88' lang='lat' dir='ltr'><strong>tellus</strong></span> <span class='ocrx_word' id='word_1_121' title='bbox 456 1979 483 2026; x_wconf 90' lang='lat' dir='ltr'><strong>et</strong></span> <span class='ocrx_word' id='word_1_122' title='bbox 495 1973 578 2040; x_wconf 82' lang='lat' dir='ltr'><strong>longo</strong></span> <span class='ocrx_word' id='word_1_123' title='bbox 590 1973 669 2026; x_wconf 86' lang='lat' dir='ltr'><strong>laeva</strong></span> <span class='ocrx_word' id='word_1_124' title='bbox 681 1975 810 2041; x_wconf 88' lang='lat' dir='ltr'><strong>petantur</strong></span> 
     </span>
     <span class='ocr_line' id='line_1_21' title="bbox 194 2059 922 2130; baseline 0.001 -17"><span class='ocrx_word' id='word_1_125' title='bbox 194 2062 325 2130; x_wconf 90' lang='lat' dir='ltr'><strong>Aequora</strong></span> <span class='ocrx_word' id='word_1_126' title='bbox 337 2061 468 2128; x_wconf 79' lang='lat' dir='ltr'><strong>circuitu3</strong></span> <span class='ocrx_word' id='word_1_127' title='bbox 488 2060 616 2113; x_wconf 86' lang='lat' dir='ltr'><strong>dextrum</strong></span> <span class='ocrx_word' id='word_1_128' title='bbox 630 2061 696 2128; x_wconf 78' lang='lat' dir='ltr'><strong>fuge</strong></span> <span class='ocrx_word' id='word_1_129' title='bbox 708 2059 774 2113; x_wconf 89' lang='lat' dir='ltr'><strong>litus</strong></span> <span class='ocrx_word' id='word_1_130' title='bbox 787 2064 814 2114; x_wconf 88' lang='lat' dir='ltr'><strong>et</strong></span> <span class='ocrx_word' id='word_1_131' title='bbox 826 2059 922 2114; x_wconf 84' lang='lat' dir='ltr'><strong>undas.</strong></span> 
     </span>
     <span class='ocr_line' id='line_1_22' title="bbox 194 2149 937 2220; baseline -0.007 -14"><span class='ocrx_word' id='word_1_132' title='bbox 194 2153 269 2208; x_wconf 90' lang='lat' dir='ltr'><strong>Haec</strong></span> <span class='ocrx_word' id='word_1_133' title='bbox 282 2154 342 2207; x_wconf 88' lang='lat' dir='ltr'><strong>loca</strong></span> <span class='ocrx_word' id='word_1_134' title='bbox 355 2153 382 2205; x_wconf 84' lang='lat' dir='ltr'><strong>vi</strong></span> <span class='ocrx_word' id='word_1_135' title='bbox 396 2150 534 2220; x_wconf 88' lang='lat' dir='ltr'><strong>quondam</strong></span> <span class='ocrx_word' id='word_1_136' title='bbox 547 2155 575 2204; x_wconf 82' lang='lat' dir='ltr'><strong>e&#39;t</strong></span> <span class='ocrx_word' id='word_1_137' title='bbox 587 2155 666 2204; x_wconf 86' lang='lat' dir='ltr'><strong>vasta</strong></span> <span class='ocrx_word' id='word_1_138' title='bbox 677 2149 809 2204; x_wconf 86' lang='lat' dir='ltr'><strong>convulsa</strong></span> <span class='ocrx_word' id='word_1_139' title='bbox 822 2149 937 2202; x_wconf 89' lang='lat' dir='ltr'><strong>ruina—</strong></span> 
     </span>
     <span class='ocr_line' id='line_1_23' title="bbox 194 2237 930 2306; baseline -0.008 -11"><span class='ocrx_word' id='word_1_140' title='bbox 194 2241 311 2295; x_wconf 86' lang='lat' dir='ltr'><strong>Tautnm</strong></span> <span class='ocrx_word' id='word_1_141' title='bbox 325 2241 384 2294; x_wconf 86' lang='lat' dir='ltr'><strong>aevi</strong></span> <span class='ocrx_word' id='word_1_142' title='bbox 398 2238 549 2306; x_wconf 79' lang='lat' dir='ltr'><strong>longinqua</strong></span> <span class='ocrx_word' id='word_1_143' title='bbox 563 2237 637 2291; x_wconf 86' lang='lat' dir='ltr'><strong>valet</strong></span> <span class='ocrx_word' id='word_1_144' title='bbox 650 2247 759 2290; x_wconf 87' lang='lat' dir='ltr'><strong>mutare</strong></span> <span class='ocrx_word' id='word_1_145' title='bbox 771 2240 930 2290; x_wconf 84' lang='lat' dir='ltr'><strong>vetustas—</strong></span> 
     </span>
     <span class='ocr_line' id='line_1_24' title="bbox 192 2324 909 2394; baseline -0.008 -12"><span class='ocrx_word' id='word_1_146' title='bbox 192 2328 350 2383; x_wconf 87' lang='lat' dir='ltr'><strong>Dissiluisse</strong></span> <span class='ocrx_word' id='word_1_147' title='bbox 362 2328 465 2393; x_wconf 77' lang='lat' dir='ltr'><strong>lerunt,</strong></span> <span class='ocrx_word' id='word_1_148' title='bbox 483 2342 544 2379; x_wconf 90' lang='lat' dir='ltr'><strong>cum</strong></span> <span class='ocrx_word' id='word_1_149' title='bbox 559 2325 685 2394; x_wconf 90' lang='lat' dir='ltr'><strong>protinus</strong></span> <span class='ocrx_word' id='word_1_150' title='bbox 698 2330 814 2392; x_wconf 90' lang='lat' dir='ltr'><strong>utraque</strong></span> <span class='ocrx_word' id='word_1_151' title='bbox 827 2324 909 2378; x_wconf 87' lang='lat' dir='ltr'><strong>tellus</strong></span> 
     </span>
     <span class='ocr_line' id='line_1_25' title="bbox 193 2414 849 2486; baseline -0.005 -16"><span class='ocrx_word' id='word_1_152' title='bbox 193 2416 258 2472; x_wconf 90' lang='lat' dir='ltr'><strong>Una</strong></span> <span class='ocrx_word' id='word_1_153' title='bbox 269 2418 356 2486; x_wconf 80' lang='lat' dir='ltr'><strong>foret3</strong></span> <span class='ocrx_word' id='word_1_154' title='bbox 377 2417 455 2470; x_wconf 88' lang='lat' dir='ltr'><strong>venit</strong></span> <span class='ocrx_word' id='word_1_155' title='bbox 469 2415 560 2470; x_wconf 89' lang='lat' dir='ltr'><strong>medio</strong></span> <span class='ocrx_word' id='word_1_156' title='bbox 572 2416 600 2468; x_wconf 88' lang='lat' dir='ltr'><strong>vi</strong></span> <span class='ocrx_word' id='word_1_157' title='bbox 613 2419 714 2484; x_wconf 91' lang='lat' dir='ltr'><strong>pontus</strong></span> <span class='ocrx_word' id='word_1_158' title='bbox 727 2419 755 2468; x_wconf 89' lang='lat' dir='ltr'><strong>et</strong></span> <span class='ocrx_word' id='word_1_159' title='bbox 766 2414 849 2467; x_wconf 90' lang='lat' dir='ltr'><strong>undis</strong></span> 
     </span>
     <span class='ocr_line' id='line_1_26' title="bbox 194 2502 959 2573; baseline -0.003 -17"><span class='ocrx_word' id='word_1_160' title='bbox 194 2503 358 2573; x_wconf 89' lang='lat' dir='ltr'><strong>Hesperium</strong></span> <span class='ocrx_word' id='word_1_161' title='bbox 373 2504 465 2558; x_wconf 90' lang='lat' dir='ltr'><strong>Siculo</strong></span> <span class='ocrx_word' id='word_1_162' title='bbox 479 2503 552 2557; x_wconf 87' lang='lat' dir='ltr'><strong>latus</strong></span> <span class='ocrx_word' id='word_1_163' title='bbox 565 2503 689 2568; x_wconf 84' lang='lat' dir='ltr'><strong>abscidit,</strong></span> <span class='ocrx_word' id='word_1_164' title='bbox 705 2517 823 2570; x_wconf 87' lang='lat' dir='ltr'><strong>arvaque</strong></span> <span class='ocrx_word' id='word_1_165' title='bbox 836 2509 865 2556; x_wconf 89' lang='lat' dir='ltr'><strong>et</strong></span> <span class='ocrx_word' id='word_1_166' title='bbox 876 2502 959 2555; x_wconf 88' lang='lat' dir='ltr'><strong>nrbes</strong></span> 
     </span>
     <span class='ocr_line' id='line_1_27' title="bbox 194 2587 793 2658; baseline 0 -16"><span class='ocrx_word' id='word_1_167' title='bbox 194 2589 288 2644; x_wconf 90' lang='lat' dir='ltr'><strong>Litore</strong></span> <span class='ocrx_word' id='word_1_168' title='bbox 301 2589 427 2644; x_wconf 88' lang='lat' dir='ltr'><strong>diductas</strong></span> <span class='ocrx_word' id='word_1_169' title='bbox 439 2594 556 2658; x_wconf 81' lang='lat' dir='ltr'><strong>angusto</strong></span> <span class='ocrx_word' id='word_1_170' title='bbox 568 2587 695 2641; x_wconf 88' lang='lat' dir='ltr'><strong>interluit</strong></span> <span class='ocrx_word' id='word_1_171' title='bbox 707 2595 793 2642; x_wconf 90' lang='lat' dir='ltr'><strong>aestu.</strong></span> 
     </span>
     <span class='ocr_line' id='line_1_28' title="bbox 193 2675 982 2745; baseline -0.004 -14"><span class='ocrx_word' id='word_1_172' title='bbox 193 2677 330 2731; x_wconf 83' lang='lat' dir='ltr'><strong>Dextrum</strong></span> <span class='ocrx_word' id='word_1_173' title='bbox 344 2676 436 2743; x_wconf 89' lang='lat' dir='ltr'><strong>Scylla</strong></span> <span class='ocrx_word' id='word_1_174' title='bbox 449 2677 528 2743; x_wconf 85' lang='lat' dir='ltr'><strong>latus,</strong></span> <span class='ocrx_word' id='word_1_175' title='bbox 544 2677 649 2731; x_wconf 85' lang='lat' dir='ltr'><strong>laevum</strong></span> <span class='ocrx_word' id='word_1_176' title='bbox 665 2676 813 2745; x_wconf 88' lang='lat' dir='ltr'><strong>implacata</strong></span> <span class='ocrx_word' id='word_1_177' title='bbox 825 2675 982 2743; x_wconf 74' lang='lat' dir='ltr'><strong>Charybdis</strong></span> 
     </span>
     <span class='ocr_line' id='line_1_29' title="bbox 195 2763 902 2835; baseline -0.001 -17"><span class='ocrx_word' id='word_1_178' title='bbox 195 2763 317 2833; x_wconf 83' lang='lat' dir='ltr'><strong>Obsidet,</strong></span> <span class='ocrx_word' id='word_1_179' title='bbox 332 2770 414 2833; x_wconf 87' lang='lat' dir='ltr'><strong>atque</strong></span> <span class='ocrx_word' id='word_1_180' title='bbox 426 2764 483 2817; x_wconf 91' lang='lat' dir='ltr'><strong>imo</strong></span> <span class='ocrx_word' id='word_1_181' title='bbox 497 2764 619 2818; x_wconf 86' lang='lat' dir='ltr'><strong>barathri</strong></span> <span class='ocrx_word' id='word_1_182' title='bbox 632 2770 676 2818; x_wconf 87' lang='lat' dir='ltr'><strong>ter</strong></span> <span class='ocrx_word' id='word_1_183' title='bbox 689 2766 797 2835; x_wconf 81' lang='lat' dir='ltr'><strong>gurgite</strong></span> <span class='ocrx_word' id='word_1_184' title='bbox 809 2770 902 2819; x_wconf 86' lang='lat' dir='ltr'><strong>vastos</strong></span> 
     </span>
     <span class='ocr_line' id='line_1_30' title="bbox 194 2851 939 2921; baseline 0 -15"><span class='ocrx_word' id='word_1_185' title='bbox 194 2851 296 2906; x_wconf 82' lang='lat' dir='ltr'><strong>Sorbet</strong></span> <span class='ocrx_word' id='word_1_186' title='bbox 307 2852 336 2904; x_wconf 92' lang='lat' dir='ltr'><strong>in</strong></span> <span class='ocrx_word' id='word_1_187' title='bbox 350 2852 498 2920; x_wconf 89' lang='lat' dir='ltr'><strong>abruptum</strong></span> <span class='ocrx_word' id='word_1_188' title='bbox 512 2851 618 2920; x_wconf 84' lang='lat' dir='ltr'><strong>fluctus,</strong></span> <span class='ocrx_word' id='word_1_189' title='bbox 635 2869 784 2921; x_wconf 86' lang='lat' dir='ltr'><strong>rursusque</strong></span> <span class='ocrx_word' id='word_1_190' title='bbox 796 2854 846 2907; x_wconf 92' lang='lat' dir='ltr'><strong>sub</strong></span> <span class='ocrx_word' id='word_1_191' title='bbox 859 2868 939 2906; x_wconf 86' lang='lat' dir='ltr'><strong>auras</strong></span> 
     </span>
     <span class='ocr_line' id='line_1_31' title="bbox 194 2937 798 3006; baseline 0.002 -13"><span class='ocrx_word' id='word_1_192' title='bbox 194 2937 284 3006; x_wconf 75' lang='lat' dir='ltr'><strong>Erigit</strong></span> <span class='ocrx_word' id='word_1_193' title='bbox 297 2940 418 2993; x_wconf 88' lang='lat' dir='ltr'><strong>alternos</strong></span> <span class='ocrx_word' id='word_1_194' title='bbox 431 2943 458 2992; x_wconf 87' lang='lat' dir='ltr'><strong>ct</strong></span> <span class='ocrx_word' id='word_1_195' title='bbox 472 2939 561 2992; x_wconf 88' lang='lat' dir='ltr'><strong>sidera</strong></span> <span class='ocrx_word' id='word_1_196' title='bbox 573 2940 701 2992; x_wconf 89' lang='lat' dir='ltr'><strong>verberat</strong></span> <span class='ocrx_word' id='word_1_197' title='bbox 714 2939 798 2994; x_wconf 88' lang='lat' dir='ltr'><strong>unda.</strong></span> 
     </span>
    </p>

    <p class='ocr_par' dir='ltr' id='par_1_9' title="bbox 194 3025 868 3096">
     <span class='ocr_line' id='line_1_32' title="bbox 194 3025 868 3096; baseline 0.001 -17"><span class='ocrx_word' id='word_1_198' title='bbox 194 3026 235 3080; x_wconf 89' lang='lat' dir='ltr'><strong>At</strong></span> <span class='ocrx_word' id='word_1_199' title='bbox 247 3026 365 3093; x_wconf 83' lang='lat' dir='ltr'><strong>Scyllam</strong></span> <span class='ocrx_word' id='word_1_200' title='bbox 379 3027 467 3080; x_wconf 90' lang='lat' dir='ltr'><strong>caecis</strong></span> <span class='ocrx_word' id='word_1_201' title='bbox 480 3025 593 3079; x_wconf 91' lang='lat' dir='ltr'><strong>cohibet</strong></span> <span class='ocrx_word' id='word_1_202' title='bbox 605 3026 736 3094; x_wconf 88' lang='lat' dir='ltr'><strong>spelunca</strong></span> <span class='ocrx_word' id='word_1_203' title='bbox 747 3028 868 3096; x_wconf 86' lang='lat' dir='ltr'><strong>latebris,</strong></span> 
     </span>
    </p>

    <p class='ocr_par' dir='ltr' id='par_1_10' title="bbox 195 3112 882 3169">
     <span class='ocr_line' id='line_1_33' title="bbox 195 3112 882 3169; baseline 0.001 -1"><span class='ocrx_word' id='word_1_204' title='bbox 195 3113 252 3168; x_wconf 83' lang='lat' dir='ltr'><strong>Ora</strong></span> <span class='ocrx_word' id='word_1_205' title='bbox 264 3119 448 3168; x_wconf 86' lang='lat' dir='ltr'><strong>exsertantem</strong></span> <span class='ocrx_word' id='word_1_206' title='bbox 464 3118 492 3167; x_wconf 86' lang='lat' dir='ltr'><strong>et</strong></span> <span class='ocrx_word' id='word_1_207' title='bbox 504 3112 583 3167; x_wconf 88' lang='lat' dir='ltr'><strong>navis</strong></span> <span class='ocrx_word' id='word_1_208' title='bbox 595 3114 624 3166; x_wconf 88' lang='lat' dir='ltr'><strong>in</strong></span> <span class='ocrx_word' id='word_1_209' title='bbox 637 3129 704 3168; x_wconf 87' lang='lat' dir='ltr'><strong>saxa</strong></span> <span class='ocrx_word' id='word_1_210' title='bbox 716 3115 882 3169; x_wconf 88' lang='lat' dir='ltr'><strong>trahentem.</strong></span> 
     </span>
    </p>
   </div>
   <div class='ocr_carea' id='block_1_3' title="bbox 193 3199 902 3619">
    <p class='ocr_par' dir='ltr' id='par_1_11' title="bbox 193 3199 902 3445">
     <span class='ocr_line' id='line_1_34' title="bbox 193 3199 902 3270; baseline 0 -15"><span class='ocrx_word' id='word_1_211' title='bbox 193 3199 288 3255; x_wconf 90' lang='lat' dir='ltr'><strong>Prima</strong></span> <span class='ocrx_word' id='word_1_212' title='bbox 299 3200 419 3254; x_wconf 88' lang='lat' dir='ltr'><strong>hominis</strong></span> <span class='ocrx_word' id='word_1_213' title='bbox 432 3202 517 3255; x_wconf 79' lang='lat' dir='ltr'><strong>facies</strong></span> <span class='ocrx_word' id='word_1_214' title='bbox 530 3205 558 3254; x_wconf 90' lang='lat' dir='ltr'><strong>et</strong></span> <span class='ocrx_word' id='word_1_215' title='bbox 570 3200 687 3270; x_wconf 89' lang='lat' dir='ltr'><strong>pulchro</strong></span> <span class='ocrx_word' id='word_1_216' title='bbox 699 3206 811 3269; x_wconf 89' lang='lat' dir='ltr'><strong>pectore</strong></span> <span class='ocrx_word' id='word_1_217' title='bbox 823 3202 902 3270; x_wconf 82' lang='lat' dir='ltr'><strong>virgo</strong></span> 
     </span>
     <span class='ocr_line' id='line_1_35' title="bbox 193 3287 895 3358; baseline 0 -16"><span class='ocrx_word' id='word_1_218' title='bbox 193 3287 272 3343; x_wconf 92' lang='lat' dir='ltr'><strong>Pube</strong></span> <span class='ocrx_word' id='word_1_219' title='bbox 284 3293 373 3353; x_wconf 82' lang='lat' dir='ltr'><strong>tenus,</strong></span> <span class='ocrx_word' id='word_1_220' title='bbox 387 3294 528 3357; x_wconf 86' lang='lat' dir='ltr'><strong>postrema</strong></span> <span class='ocrx_word' id='word_1_221' title='bbox 539 3288 654 3342; x_wconf 90' lang='lat' dir='ltr'><strong>immani</strong></span> <span class='ocrx_word' id='word_1_222' title='bbox 668 3304 783 3357; x_wconf 90' lang='lat' dir='ltr'><strong>corpore</strong></span> <span class='ocrx_word' id='word_1_223' title='bbox 795 3289 895 3358; x_wconf 85' lang='lat' dir='ltr'><strong>pistrix</strong></span> 
     </span>
     <span class='ocr_line' id='line_1_36' title="bbox 194 3375 881 3445; baseline 0.001 -15"><span class='ocrx_word' id='word_1_224' title='bbox 194 3375 362 3445; x_wconf 85' lang='lat' dir='ltr'><strong>Delphinum</strong></span> <span class='ocrx_word' id='word_1_225' title='bbox 378 3376 478 3429; x_wconf 84' lang='lat' dir='ltr'><strong>caudas</strong></span> <span class='ocrx_word' id='word_1_226' title='bbox 490 3381 570 3428; x_wconf 91' lang='lat' dir='ltr'><strong>utero</strong></span> <span class='ocrx_word' id='word_1_227' title='bbox 584 3376 731 3429; x_wconf 89' lang='lat' dir='ltr'><strong>commissa</strong></span> <span class='ocrx_word' id='word_1_228' title='bbox 744 3376 881 3444; x_wconf 90' lang='lat' dir='ltr'><strong>lnporum.</strong></span> 
     </span>
    </p>

    <p class='ocr_par' dir='ltr' id='par_1_12' title="bbox 195 3462 891 3619">
     <span class='ocr_line' id='line_1_37' title="bbox 195 3462 891 3530; baseline 0.004 -14"><span class='ocrx_word' id='word_1_229' title='bbox 195 3463 321 3516; x_wconf 89' lang='lat' dir='ltr'><strong>Praestat</strong></span> <span class='ocrx_word' id='word_1_230' title='bbox 334 3462 467 3516; x_wconf 85' lang='lat' dir='ltr'><strong>Trinacrii</strong></span> <span class='ocrx_word' id='word_1_231' title='bbox 480 3467 568 3515; x_wconf 86' lang='lat' dir='ltr'><strong>metas</strong></span> <span class='ocrx_word' id='word_1_232' title='bbox 580 3462 698 3516; x_wconf 86' lang='lat' dir='ltr'><strong>lustrare</strong></span> <span class='ocrx_word' id='word_1_233' title='bbox 711 3462 834 3530; x_wconf 88' lang='lat' dir='ltr'><strong>Pachyni</strong></span> <span class='ocrx_word' id='word_1_234' title='bbox 889 3515 891 3519; x_wconf 88' lang='lat'>.</span> 
     </span>
     <span class='ocr_line' id='line_1_38' title="bbox 196 3548 861 3619; baseline 0.002 -17"><span class='ocrx_word' id='word_1_235' title='bbox 196 3548 364 3616; x_wconf 77' lang='lat' dir='ltr'><strong>Cessantem,</strong></span> <span class='ocrx_word' id='word_1_236' title='bbox 377 3548 476 3616; x_wconf 85' lang='lat' dir='ltr'><strong>longos</strong></span> <span class='ocrx_word' id='word_1_237' title='bbox 489 3553 517 3601; x_wconf 90' lang='lat' dir='ltr'><strong>et</strong></span> <span class='ocrx_word' id='word_1_238' title='bbox 529 3548 745 3602; x_wconf 85' lang='lat' dir='ltr'><strong>circumflectere</strong></span> <span class='ocrx_word' id='word_1_239' title='bbox 758 3566 861 3619; x_wconf 61' lang='lat' dir='ltr'><strong>cursus</strong></span> 
     </span>
    </p>
   </div>
   <div class='ocr_carea' id='block_1_4' title="bbox 0 0 1376 3936">
    <p class='ocr_par' dir='ltr' id='par_1_13' title="bbox 0 0 1376 3936">
     <span class='ocr_line' id='line_1_39' title="bbox 0 0 1376 3936; baseline 0 0"><span class='ocrx_word' id='word_1_240' title='bbox 0 0 1376 3936; x_wconf 95' lang='lat' dir='ltr'><strong> </strong></span> 
     </span>
    </p>
   </div>
  </div>
 </body>
</html>
