2706 3938
392 241 532 292 VERGILI
554 241 718 290 annamos
740 239 800 292 VII.

105 403 206 459 Externi
217 407 330 461 veniunt
342 405 444 476 generi,
460 405 506 474 qui
520 405 652 473 sanguine
663 409 789 458 nostrum

105 490 199 546 Nomen
211 494 240 546 in
252 498 325 547 astra
336 495 436 560 ierant
452 508 623 560 quorumque
637 492 673 545 ab
686 492 772 560 stirpe
783 494 902 559 nepotes

86 648 88 652 Ι
107 578 192 632 Omnia
203 580 251 633 sub
263 580 387 648 pedibus,
403 595 456 647 qua
468 577 516 632 Sol
529 584 677 647 utrumque
690 594 834 630 recurrens

104 666 200 734 Aspicit
212 666 360 736 Oceanum,
375 666 501 734 vertique
513 665 626 733 regique
639 663 801 718 videbunt.’'

105 752 169 806 llaec
180 770 307 821 responsa
319 752 406 822 patris
419 751 507 805 Fauni
518 753 693 820 monitusque
706 751 798 804 silenti

104 838 182 893 Nocte
193 841 270 894 datos
282 856 340 893 non
351 840 410 908 ipse
422 856 471 892 suo
479 839 585 908 premit
598 856 646 892 ore
657 838 779 907 Latinae,

104 925 148 980 Sed
160 929 258 981 oneum
270 927 326 981 late
338 926 460 980 volitans
471 926 527 980 iarn
540 926 625 980 Fama
637 923 688 996 per
700 927 783 978 urbes

103 1013 226 1068 Ausonias
239 1014 347 1080 tulerat,
363 1031 425 1068 cunr
438 1013 637 1067 Laomedontia
650 1013 735 1082 pubes

104 1100 239 1156 Cramiueo
252 1103 328 1171 ripae
340 1101 466 1170 religavit
478 1101 513 1155 ab
526 1117 625 1169 aggere
637 1100 760 1156 classem.

132 1191 232 1244 Aeneas
245 1190 381 1260 primique
393 1189 477 1243 duces
489 1193 518 1243 et
529 1189 644 1258 pulcher
657 1188 734 1242 Iulus

104 1274 212 1345 Corpora
223 1277 274 1330 sub
286 1277 370 1330 ramis
383 1276 525 1344 deponunt
538 1276 645 1330 arboris
657 1275 737 1345 altae,

103 1361 296 1433 instituuntque
309 1362 400 1432 dapes,
414 1369 443 1417 et
456 1363 558 1417 adorea
569 1362 625 1417 liba
637 1379 686 1432 per
698 1362 813 1418 herbam

103 1447 232 1505 Subiciunt
245 1451 419 1520 epulis-sio
431 1450 556 1520 Iuppiter
567 1450 614 1504 ille
629 1450 795 1504 monebat-

102 1535 133 1589 Et
143 1537 250 1592 Cereale
263 1539 354 1592 solum
366 1539 456 1607 pomis
468 1538 622 1606 agrestibus
635 1543 743 1606 augent.

104 1623 268 1696 Consumptis
282 1626 327 1680 hic
339 1625 494 1693 fortealiis,
509 1636 540 1679 ut
553 1630 661 1680 vertere
674 1643 782 1679 morsus

101 1710 224 1780 Exiguam
237 1715 267 1768 in
281 1714 409 1768 Cererem
423 1713 538 1782 penuria
550 1713 642 1780 adegit
654 1713 752 1767 edendi

102 1797 132 1851 Et
142 1801 239 1855 violare
252 1819 337 1856 manu
348 1801 482 1870 malisque
495 1800 643 1854 audacibus
657 1802 752 1854 orbem

101 1883 191 1941 Fatalis
203 1889 289 1943 crusti
301 1889 404 1958 patulis
416 1904 467 1940 nec
480 1903 593 1956 parcere
606 1886 734 1955 quadris:

104 1974 199 2046 “Heus,
213 1978 298 2030 etiam
310 1993 418 2030 mensas
429 1975 630 2029 cousumiruusl
642 1974 657 2002 ’²
670 1974 762 2043 inquit
774 1973 895 2043 Inlue,-

101 2058 152 2116 Nec
163 2063 240 2132 plura
253 2063 394 2118 adludens
431 2062 473 2116 Ea
484 2078 540 2115 vox
553 2061 647 2114 audita
661 2060 789 2114 laborum

101 2147 183 2204 Prima
193 2151 258 2204 tulit
270 2151 365 2220 finem,
379 2151 552 2220 primamque
564 2147 700 2216 loquentis
712 2147 746 2200 ab
759 2165 806 2200 ore

101 2234 197 2307 Eripuit
208 2246 296 2310 pater,
309 2233 344 2295 ¹ac
356 2237 525 2308 stupefactus
536 2235 650 2290 numine
661 2235 768 2303 pressit.
828 2305 831 2314 Α

103 2323 228 2382 Continuo
243 2331 260 2357 ‘⁸
269 2328 351 2382 Salve
364 2327 429 2380 fatis
441 2325 510 2378 mihi
523 2323 616 2377 debita
628 2322 716 2389 tellus,
810 2332 812 2336 '

102 2411 229 2487 vosquess’
244 2419 291 2485 ait,
309 2420 327 2447 “
337 2435 353 2471 ο
365 2417 414 2469 fidi
427 2415 524 2468 Troiae
537 2413 639 2468 salvete
652 2411 784 2466 Penatesl

102 2501 146 2556 llio
158 2505 259 2575 domus,
275 2507 344 2560 haec
356 2505 447 2573 patria
460 2507 509 2556 est.
547 2501 664 2554 Genitor
676 2499 746 2552 mihi
757 2500 824 2552 talia
836 2514 963 2567 namque,

102 2588 173 2646 Nunc
184 2602 287 2663 repeto,
304 2593 440 2646 Anchises
453 2592 573 2644 fatorum
588 2605 688 2643 arcana
700 2588 827 2656 reliquit:

102 2676 161 2732 Cum
173 2686 206 2749 te,
219 2689 294 2737 nate.
309 2682 396 2735 fames
408 2681 502 2749 ignota
516 2679 550 2732 ad
562 2678 646 2732 litora
658 2682 767 2731 vectum

102 2764 195 2821 Accisis
207 2776 288 2838 coget
301 2768 417 2837 dapibus
429 2783 590 2821 consumere
603 2782 720 2833 mensas,

100 2850 159 2907 'ium
171 2873 279 2924 sperare
293 2855 391 2909 domos
403 2855 527 2909 defessus
539 2854 632 2923 ibique
643 2858 782 2907 memento

101 2935 184 2996 Prima
194 2942 285 2996 locare
299 2958 381 2996 manu
393 2930 539 3010 molirique
552 2957 650 3009 aggere
663 2944 744 2994 tecta.

101 3022 166 3082 Haec
178 3035 235 3084 erat
247 3030 296 3083 illa
308 3029 409 3095 fames3
429 3029 498 3082 haec
512 3044 562 3081 uos
574 3044 702 3096 suprema
713 3027 851 3093 manebat,

101 3111 188 3169 Exitiis
199 3118 325 3184 positura
337 3116 460 3170 modum.

101 3197 180 3264 Quare
192 3205 264 3272 agite
278 3210 307 3258 et
319 3204 410 3272 primo
423 3203 488 3256 laeti
501 3219 563 3256 cum
575 3202 679 3256 lumine
691 3201 763 3270 solis,

101 3283 167 3350 Quae
178 3290 244 3356 loca,
257 3292 341 3360 quive
354 3290 475 3344 babeant
488 3289 621 3356 homines,
635 3289 683 3342 ubi
696 3288 806 3341 moenia
818 3287 915 3356 gentis,

105 3367 271 3445 Vestigemus,
288 3385 316 3431 et
329 3394 344 3430 a
357 3381 437 3446 portu
451 3376 561 3430 diversa
572 3381 706 3444 petamus.

100 3457 173 3516 Nunc
184 3469 294 3533 pateras
306 3465 392 3517 libate
404 3463 471 3530 Iovi,
486 3463 666 3530 precibusque
679 3466 778 3514 vocate

101 3545 230 3603 Anchisen
243 3551 409 3617 genitorem,
419 3557 447 3603 et
462 3551 527 3602 vina
538 3549 663 3616 reponite
677 3547 805 3601 mensis.'’
