2656 3940
526 201 664 250 venditi
687 201 852 251 lanuinus
874 203 904 251 K

206 363 244 418 Te
257 364 348 418 decisa
360 379 448 431 suum,
462 362 569 431 Laride,
584 363 697 416 dextera
710 364 825 432 quaerit,

206 451 442 520 Semianimesque
454 450 558 504 micant
571 450 651 518 digiti
664 451 824 518 ferrumque
836 456 997 504 retractant.

208 538 337 604 Arcadas,
353 554 484 592 accensos
496 537 604 590 monitu
617 545 646 590 et
657 537 800 606 praeclara
811 539 916 591 tuentis

206 625 292 681 Facta
304 626 364 693 viri,
378 625 482 678 mixtus
494 625 574 678 dolor
586 630 616 678 et
628 625 717 693 pudor
730 631 820 679 armat
831 625 860 678 in
873 625 969 678 hostis.

206 713 276 766 Tum
288 712 380 766 Pallas
394 712 492 780 biiugis
504 712 656 780 fugientem
669 711 795 766 Rhoetea
806 717 918 780 praeter

206 799 317 853 Traicit.
355 799 416 852 Hoc
430 799 548 867 spatium
561 805 724 867 tantumque
736 816 830 853 morae
841 799 894 852 fuit
906 800 963 866 llo;

206 886 247 939 llo
261 903 378 956 namque
391 886 487 955 procul
499 885 620 940 validam
633 887 780 941 derexerat
792 887 913 941 hastam:

207 973 295 1038 Quam
309 975 416 1028 medius
429 974 570 1028 Rhoeteus
582 974 733 1043 intercipit,
748 976 853 1044 optime
865 973 994 1044 Teuthra,

206 1062 244 1114 Te
256 1061 364 1130 fugiens
375 1062 544 1130 fratremque
557 1061 658 1130 Tyren,
673 1079 811 1131 curruque
824 1061 937 1115 volutus

206 1149 304 1203 andit
317 1149 484 1203 semianimis
498 1149 664 1202 Rutulorum
678 1149 799 1202 calcibus
811 1166 885 1203 arra

206 1238 249 1290 Ao
262 1237 344 1305 velut,
360 1241 455 1305 optato
469 1237 559 1289 ventis
572 1241 676 1290 aestate
689 1237 800 1304 coortis,

206 1323 337 1392 Dispersa
349 1324 476 1376 immittit
490 1323 566 1376 silvis
577 1323 706 1378 incendia
717 1329 829 1392 pastor3

207 1411 350 1480 Oorreptis
364 1412 456 1464 subito
470 1411 567 1464 mediis
581 1412 741 1465 extenditur
752 1429 808 1466 una

207 1498 327 1552 Horrida
339 1515 390 1568 per
403 1498 475 1552 latos
489 1499 564 1552 acies
576 1499 712 1552 Volcania
725 1515 851 1569 campos:

206 1585 258 1638 1111
274 1585 372 1638 sedens
385 1585 475 1638 vietor
488 1584 614 1639 flammas
626 1586 768 1655 despectat
780 1588 903 1642 ovantis:

207 1672 272 1725 Nou
285 1672 365 1726 aliter
378 1673 482 1727 socium
496 1673 584 1726 virtus
597 1674 653 1727 coit
668 1675 758 1726 omnis
769 1675 799 1728 in
812 1691 906 1743 unum,

207 1760 299 1828 Teque
312 1761 397 1830 iuvat,
415 1760 500 1814 Palla.
539 1760 593 1814 Sed
606 1760 684 1814 bellis
697 1778 760 1815 acer
773 1761 907 1816 Halaesus

207 1846 307 1899 Tendit
320 1847 349 1898 in
362 1847 500 1916 adversos,
515 1864 598 1917 seque
609 1849 639 1901 iu
652 1865 701 1902 sua
712 1847 818 1916 colligit
831 1865 914 1902 arma.

208 1937 261 1991 Hic
273 1942 376 1990 mactat
390 1935 504 1989 Ladona
516 1935 690 2005 Pheretaque
702 1932 947 2006 Demodocumque
958 1957 965 2005 ς

208 2027 369 2094 Strymonio
382 2027 506 2080 dextram
519 2025 636 2094 fulgenti
649 2026 752 2094 deripit
764 2043 829 2080 ense

207 2114 316 2169 Elatum
329 2116 359 2168 in
372 2115 494 2184 iugulum
507 2135 513 2169 :
535 2133 601 2170 saxo
614 2116 678 2168 ferit
692 2131 741 2169 ora
753 2115 893 2184 Thoantis,

208 2203 331 2272 Ossaque
344 2204 472 2272 dispersit
484 2206 598 2259 cerebro
610 2205 749 2274 permixta
761 2210 884 2258 cruento.

207 2290 276 2345 Fata
288 2308 390 2346 canens
403 2293 480 2345 silvis
492 2293 601 2360 genitor
613 2293 715 2346 celarat
728 2293 890 2346 Halaesum:

207 2377 246 2431 Ut
259 2378 351 2431 senior
363 2379 420 2433 leto
434 2381 561 2434 canentia
574 2381 678 2434 lumina
691 2380 781 2446 101111,

207 2464 331 2518 11110111
343 2483 455 2520 manum
468 2467 572 2521 Pareae
584 2467 702 2536 telisque
715 2471 859 2521 sacrarunt

206 2550 337 2605 Euandri.
378 2553 465 2618 Quem
479 2555 517 2608 sie
530 2554 622 2608 Pallas
635 2555 706 2623 petit
719 2560 783 2609 ante
795 2560 937 2624 precatus:

210 2637 278 2692 “Da
290 2656 372 2707 nune,
388 2640 493 2706 Thybri
507 2646 593 2711 pater,
609 2643 689 2708 ferro,
707 2643 779 2711 quod
793 2642 896 2696 missile
907 2641 989 2710 libro,

206 2724 357 2780 Fortunam
373 2734 455 2797 atque
469 2729 541 2782 viem
555 2730 617 2782 duri
631 2747 680 2799 per
691 2736 788 2799 pectus
801 2730 917 2784 Halaesi.

207 2811 282 2866 Haec
295 2831 370 2868 arma
383 2817 550 2884 exuviasque
563 2816 614 2869 viri
629 2825 677 2871 tua
690 2833 806 2885 quercus
818 2815 959 2870 habebit.''

206 2900 305 2955 Audiit
316 2901 365 2956 illa
377 2903 460 2956 deus:
482 2902 547 2956 dum
560 2905 631 2957 texit
644 2904 758 2958 Imaona
771 2904 910 2971 Halaesus,

206 2989 327 3044 Arcadio
339 2990 436 3044 infelix
449 2991 507 3044 telo
520 2991 568 3044 dat
580 2997 678 3059 pectus
689 2991 836 3046 inermum.

207 3077 246 3128 At
258 3094 315 3130 non
328 3077 410 3131 caede
424 3077 476 3130 viri
489 3082 568 3131 tauta
580 3079 730 3146 perterrita
741 3077 854 3145 Lausus,

206 3161 274 3216 Pars
286 3164 383 3231 ingens
395 3164 467 3224 belli.
482 3165 547 3218 sinit
562 3165 683 3232 agmina:
705 3166 811 3233 primus
823 3165 961 3218 Abantem

206 3248 371 3317 Oppositum
384 3251 526 3318 interimit,
541 3268 651 3319 pugnae
664 3251 822 3321 nodumque
835 3267 1004 3320 moramque.

206 3334 346 3388 Sternitur
359 3337 494 3390 Arcadiae
507 3337 605 3405 proles,
621 3343 782 3392 sternuntur
794 3337 913 3402 Etrusci,

206 3419 242 3472 Et
255 3437 312 3487 101,
327 3436 344 3473 ο
359 3421 439 3474 Grais
452 3423 601 3491 imperdita
613 3441 736 3493 corpora,
751 3425 857 3480 Teucri.

207 3505 328 3572 Agmina
340 3513 507 3560 concurrunt
520 3509 690 3579 ducibusque
704 3516 732 3564 et
744 3512 850 3566 viribus
862 3512 971 3580 aequis3
