2730 3936
505 197 642 246 VERGILl
666 197 854 246 eucnemon
877 196 922 246 IV.

206 361 354 430 Accipiunt
365 361 547 429 redduntque,
562 359 607 413 alii
621 359 767 412 stridentia
780 359 891 426 tingunt

203 447 277 504 Aera
288 449 365 515 lacu;
385 448 472 516 gemit
484 447 620 515 impositis
632 445 777 499 incudibus
791 444 900 510 Aetna3

204 535 245 588 llli
258 536 331 588 inter
344 551 402 588 sese
415 551 515 601 magna
527 534 554 585 vi
568 533 698 587 bracchia
711 533 814 585 tollunt

203 622 235 674 ln
248 639 401 690 numerum,
416 625 581 690 versantque
594 621 682 674 tenaci
696 620 800 688 forcipe
813 620 936 674 ferrum:

203 709 267 762 Non
280 710 367 777 aliter,
383 710 406 762 si
418 725 505 778 parva
517 708 582 762 licet
595 724 762 776 componere
775 708 888 775 magnis,

203 796 351 865 Cecropias
363 796 474 849 innatus
486 812 551 865 apes
564 812 641 850 amor
655 800 733 863 urget
745 795 873 863 habendi,

202 885 317 938 Munere
330 901 466 953 quamque
478 901 536 938 suo.
575 883 747 937 Grandaevis
759 882 861 952 oppida
872 900 962 952 curae,

202 972 239 1024 Et
251 971 359 1025 munire
371 972 458 1040 favos,
473 978 501 1024 et
513 970 627 1025 daedala
639 970 743 1038 fingere
755 975 843 1037 tecta,

203 1059 243 1112 At
256 1059 343 1113 fessae
355 1058 443 1112 multa
454 1058 578 1111 referunt
591 1075 620 1111 se
632 1065 714 1111 nocte
726 1058 854 1126 minores,

204 1147 291 1201 Omra
301 1147 397 1214 thymo
410 1146 520 1215 plenae3
543 1149 692 1214 pascuntur
705 1150 734 1198 et
746 1145 844 1198 arbuta
856 1145 958 1212 passim

202 1234 240 1287 Et
252 1234 360 1302 glaucas
373 1233 468 1287 salices
482 1233 636 1301 casiamque
650 1248 815 1300 crocumque
827 1233 975 1286 rubentem

202 1322 239 1374 Et
252 1322 381 1390 pinguem
394 1321 482 1374 tiliam
496 1326 523 1373 et
536 1320 707 1388 ferrugineos
720 1319 894 1386 hyacinthos.

203 1408 338 1462 Omnibus
350 1425 405 1461 una
418 1408 496 1476 quies
508 1423 631 1476 operum,
645 1407 724 1461 labor
737 1407 864 1461 omnibus
878 1423 961 1460 unus:

203 1493 285 1547 Mane
297 1499 381 1546 ruunt
394 1493 495 1561 portis3
517 1509 651 1560 nusquam
665 1508 755 1559 mora,
776 1508 871 1544 rursus
883 1491 992 1545 easdem

204 1581 311 1651 Vesper
324 1581 371 1634 ubi
384 1597 399 1633 e
411 1585 491 1649 pastu
505 1580 615 1633 tandem
630 1579 763 1634 decedere
776 1579 880 1648 campis

203 1667 365 1735 Admonuit,
379 1672 438 1720 tum
451 1672 527 1721 tecta
538 1672 643 1735 petunt,
658 1671 718 1720 tum
731 1683 848 1735 corpora
860 1671 972 1735 curant;

204 1755 249 1809 Fit
261 1755 373 1823 sonitus,
388 1759 564 1822 mussantque
577 1769 640 1808 oras
652 1759 680 1806 et
693 1753 790 1807 limina
802 1753 913 1808 circum.

203 1845 278 1913 Post,
292 1846 339 1898 ubi
352 1845 407 1899 iam
420 1844 548 1898 thalamis
565 1853 594 1898 se
607 1860 794 1912 composuere,
809 1841 905 1895 siletur

204 1932 236 1985 ln
248 1937 367 2000 noctem,
381 1933 522 2002 fessosque
535 1948 618 2001 sopor
631 1949 695 1984 suus
708 1935 824 1999 occupat
836 1934 920 1982 artus.

204 2019 231 2072 N
232 2037 263 2074 ec
275 2037 342 2074 vero
355 2037 371 2074 a
383 2020 497 2074 stabulis
510 2019 604 2088 pluvia
615 2020 793 2088 impendente
806 2019 938 2073 recedunt

203 2107 331 2176 Longius,
345 2113 394 2161 aut
406 2108 523 2161 credunt
535 2107 612 2160 caelo
625 2106 836 2160 adventantibus
848 2106 947 2173 Euris3

204 2195 255 2248 Sed
270 2195 372 2249 circum
385 2199 462 2249 tutae
475 2195 526 2249 sub
538 2195 682 2248 moenibus
695 2195 771 2248 urbis
784 2199 928 2262 aquantur,

203 2281 395 2352 Excursusque
408 2282 500 2336 brevis
513 2287 658 2351 temptant,
674 2288 702 2335 et
715 2299 796 2350 saepe
809 2281 925 2350 lapillos,

203 2369 242 2422 Ut
255 2371 369 2437 cymbae
382 2369 523 2423 instabiles
535 2369 620 2423 fluctu
633 2369 754 2423 iactante
768 2370 917 2435 saburram,

203 2457 327 2511 Tollunt:
349 2458 392 2510 his
404 2473 463 2511 sese
476 2474 526 2524 per
539 2457 631 2510 inania
644 2457 738 2510 nubila
750 2457 860 2510 librant.

203 2543 284 2596 illum
298 2543 367 2597 adeo
381 2543 512 2612 placuisse
526 2544 628 2612 apibus¹
637 2543 772 2597 mirabere
785 2560 899 2611 morem,

205 2630 284 2695 Quod
297 2647 386 2700 neque
399 2630 547 2685 concubitu
560 2630 711 2698 indulgent,
726 2647 777 2684 nec
790 2646 908 2699 corpora
920 2645 1017 2698 segnes

204 2717 236 2770 ln
250 2717 388 2771 Venerem
403 2717 521 2785 solvunt,
538 2723 586 2770 aut
598 2718 673 2770 fetus
687 2717 796 2771 nixibus
809 2718 902 2786 edunt,

204 2803 310 2857 Verum
322 2805 397 2873 ipsae
410 2821 424 2857 e
436 2793 602 2857 foliis'uatos
615 2811 643 2857 et
655 2805 783 2859 suavibus
795 2805 889 2858 herbis

204 2891 259 2944 Ore
272 2891 374 2959 legunt,
388 2892 464 2959 ipsae
476 2908 569 2959 regem
583 2908 736 2960 parvosque
750 2891 871 2956 Quirites

204 2977 355 3044 Sufficiunt,
371 2978 499 3046 aulasque
513 2982 541 3031 et
553 2994 632 3031 cerea
644 2995 729 3046 regna
741 2977 889 3046 refingunt.

203 3064 291 3133 Saepe
303 3066 384 3118 etiam
398 3065 474 3118 duris
487 3065 603 3118 errando
616 3066 645 3118 iu
658 3066 766 3119 cotibus
778 3066 835 3118 alas

204 3153 352 3218 Attriverc,
368 3153 495 3220 ultroque
509 3154 627 3206 animam
641 3138 691 3206 sub
704 3152 778 3206 fasce
790 3153 906 3206 dedere:

203 3238 307 3293 Tantus
320 3256 396 3293 amor
409 3239 508 3292 florum
522 3245 550 3292 et
562 3240 712 3308 generandi
726 3240 815 3308 gloria
826 3239 923 3294 mellis.

203 3324 277 3392 Ergo
289 3326 361 3393 ipsas
375 3327 498 3393 quamvis
511 3328 621 3395 angusti
633 3328 769 3380 terminus
782 3328 843 3381 aevi

203 3411 455 3479 Excipiat-neque
468 3413 540 3464 euim
555 3413 616 3480 plus
628 3414 747 3481 septima
759 3413 868 3467 ducitur
882 3418 1008 3468 aestas-—

204 3497 244 3549 At
255 3514 341 3564 genus
353 3497 509 3550 immortale
522 3506 623 3566 manet,
640 3499 794 3568 multosque
807 3516 856 3567 per
869 3515 956 3553 annos
