2734 3936
532 256 670 306 VERGILI
694 256 821 306 ECLOGA
844 257 864 305 Ι.

188 418 318 471 Pastores
330 412 423 472 ovium
436 424 547 472 teneros
560 419 696 488 depellere
708 419 789 472 fetus.

189 505 234 558 Sic
247 506 359 558 canibus
372 505 478 559 catulos
490 505 593 574 similis,
609 507 647 558 sic
660 507 794 559 matribus
806 505 910 560 haedos

189 591 301 659 Noram,
316 593 355 645 sio
367 592 459 660 parvis
471 608 636 660 componere
649 609 748 661 magna
760 593 888 646 solebam.

189 679 295 732 Verum
307 680 377 734 haec
390 685 500 733 tantum
513 679 579 732 alias
590 681 664 732 inter
677 686 759 749 caput
772 681 870 733 extulit
884 682 973 751 urbes,

113 815 115 818 .
189 767 329 832 Quantum
343 768 418 821 lenta
430 767 521 820 solent
532 767 605 820 inter
617 767 735 819 viburna
748 769 877 834 cupressi.

188 855 259 907 Mna.
279 855 317 908 Et
329 872 398 924 quae
410 861 489 908 tanta
500 855 553 907 fuit
566 854 681 908 Romam
696 855 746 907 tibi
760 871 841 908 causa
854 854 982 908 uidendi?

188 942 247 996 Trr.
267 942 409 1010 Libertas;
430 959 499 1010 quae
512 958 580 1009 sera,
595 946 688 994 tamen
702 941 821 1009 respexit
835 943 959 1010 inertem,

188 1029 339 1083 Candidior
353 1035 494 1098 postquam
507 1028 633 1081 tondenti
647 1030 733 1082 barba
745 1029 875 1096 cadebat;

189 1117 321 1185 Respexit
333 1121 433 1183 tamen,
449 1122 477 1169 et
489 1115 572 1182 longo
585 1121 648 1184 post
659 1122 783 1184 tempore
798 1117 880 1184 venit,

188 1204 337 1273 Postquam
350 1221 400 1257 nos
412 1203 565 1270 Amaryllis
577 1203 669 1270 babet,
683 1203 798 1256 Galatea
810 1204 929 1272 reliquit.

189 1291 322 1360 Namque,
336 1291 443 1344 fatebor
456 1290 537 1358 enim,
552 1290 617 1342 dum
631 1306 675 1342 me
689 1290 802 1344 Galatea
815 1292 935 1360 tenebat,

189 1378 249 1431 Nec
262 1395 323 1446 spes
335 1377 470 1430 libertatis
483 1383 550 1443 erat,
565 1393 616 1429 nec
629 1393 695 1429 cura
708 1377 805 1444 peculi.

189 1465 322 1529 Quamvis
335 1464 422 1517 multa
433 1464 503 1516 meis
517 1464 604 1516 exiret
617 1463 729 1516 victima
742 1466 850 1533 saeptis,

188 1552 302 1620 Pinguis
315 1557 344 1604 et
354 1552 479 1618 ingratae
492 1557 663 1618 premeretur
675 1567 770 1604 caseus
783 1552 852 1616 urbi,

189 1639 251 1692 Non
267 1655 395 1708 nmquam
408 1639 500 1707 gravis
513 1654 575 1691 aere
588 1637 701 1690 domum
714 1639 782 1691 mihi
795 1639 893 1693 dextra
906 1640 1021 1696 redibat

188 1725 259 1780 Mna.
279 1725 407 1794 Mirabar,
423 1726 488 1794 quid
501 1732 605 1780 maesta
617 1727 690 1794 deos,
705 1726 848 1795 Arnarylli,
864 1744 983 1790 vocatae,

189 1814 240 1867 Oui
254 1814 374 1883 pendere
387 1831 436 1868 sua
448 1816 582 1882 patereris
593 1815 622 1868 in
635 1815 732 1868 arbore
745 1831 840 1883 poma:

188 1902 299 1968 Tityrus
311 1903 376 1956 hino
389 1905 491 1956 aberat.
529 1904 608 1972 Ipsae
622 1911 657 1966 te,
672 1905 774 1973 Tityre,
789 1907 878 1973 pinus,

188 1989 244 2057 Ipsi
257 1995 284 2043 te
298 1991 395 2058 fontes
409 1993 469 2059 ipsa
481 1991 549 2045 haec
563 1993 675 2046 arbusta
688 1993 832 2046 vocabant.

187 2077 245 2131 T1r.
266 2078 340 2142 Quid
352 2079 487 2132 facereml
510 2096 598 2148 neque
611 2081 726 2133 servitio
738 2097 783 2132 mc
796 2081 870 2132 exire
882 2078 991 2145 licebat,

187 2163 248 2217 Neo
260 2171 316 2218 tarn
330 2165 483 2233 praesentis
496 2166 560 2220 alibi
575 2183 739 2233 cognoscere
752 2166 839 2218 divos.

174 2250 240 2316 ,Hic
252 2251 330 2304 illum
343 2251 398 2304 vidi
412 2251 548 2320 iuvenem,
563 2252 708 2320 Meliboee,
724 2253 870 2320 quotannis

187 2338 236 2392 Bis
249 2356 329 2393 senos
342 2340 385 2393 cui
399 2345 495 2392 nostra
507 2340 565 2392 dies
578 2339 676 2392 altaria
688 2341 804 2392 fumant.

187 2426 239 2480 llic
252 2427 318 2479 mibi
332 2443 493 2495 responsum
507 2427 611 2494 primus
624 2427 700 2480 dedit
711 2427 758 2478 ille
771 2425 891 2494 petenti:

189 2516 206 2542 ‘⁴
214 2514 330 2578 Pascite,
345 2520 460 2580 utente,
476 2513 568 2581 bovae,
582 2514 675 2580 pueri;
697 2514 851 2567 submittite
864 2512 986 2566 tauros.'’

187 2600 259 2653 Mna.
279 2601 431 2655 Fortunate
444 2602 539 2654 senexl
562 2617 626 2668 ergo
638 2607 685 2653 tua
698 2618 762 2653 rura
774 2601 932 2666 manebunt,

186 2688 223 2741 Et
236 2689 286 2741 tibi
299 2705 399 2756 magna
411 2688 484 2752 satis,
500 2689 625 2755 quamvis
638 2687 707 2755 lapis
719 2689 810 2740 omnia
821 2687 912 2739 nudus

187 2776 350 2843 Limosoque
362 2774 440 2843 palus
453 2775 572 2828 obducat
584 2791 684 2842 pasena
696 2775 786 2828 iunco.

187 2863 249 2916 Non
263 2864 371 2915 insueta
383 2862 474 2929 gravis
487 2861 663 2929 temptabunt
676 2861 776 2929 pabula
788 2862 868 2927 fetas,

187 2949 212 3002 N
215 2967 246 3003 ec
258 2950 331 3003 mala
343 2949 426 3002 vieini
439 2950 546 3017 pecoris
559 2950 686 3016 contagia
699 2949 816 3001 laedent.

187 3037 338 3090 Fortunate
351 3037 448 3089 senex!
470 3035 515 3089 hic
528 3036 600 3088 inter
613 3035 726 3088 flumina
738 3041 805 3088 nota

185 3123 222 3175 Et
235 3124 321 3176 fontis
334 3139 426 3176 sacros
438 3123 526 3190 frigus
538 3123 661 3190 captabis
674 3138 798 3190 opacum.

187 3209 259 3262 Hinc
271 3211 329 3277 tibi,
345 3226 414 3278 quae
427 3226 541 3278 semper,
557 3210 648 3262 vicino
662 3210 696 3261 ab
708 3209 796 3262 limite
809 3225 903 3276 saepes

187 3296 320 3363 Hyblaeis
333 3297 429 3365 apibus
441 3296 537 3350 florem
551 3296 666 3364 depasta
678 3295 766 3350 salicti

187 3383 275 3452 Saepe
287 3384 342 3438 levi
355 3400 480 3437 somnum
494 3382 620 3436 suadebit
631 3382 702 3435 inire
715 3399 841 3448 susurro;

186 3470 260 3524 Hinc
273 3471 329 3524 alta
340 3471 390 3524 sub
403 3487 471 3538 rupe
484 3475 564 3522 canet
577 3469 722 3522 frondator
735 3470 768 3522 ad
782 3485 877 3534 auras,

186 3556 246 3610 Nec
258 3562 352 3610 tamen
364 3557 471 3610 interea
481 3572 588 3623 raucae,
603 3560 652 3608 tua
664 3573 736 3624 cura,
752 3556 902 3624 palumbes,
