2656 3940
519 237 655 287 VERGILI
678 238 843 287 Annnlnos
864 239 908 288 XI.

109 437 120 476 ,
205 401 374 456 Convertere
386 401 494 456 animos
507 399 577 453 acris
592 399 739 468 oculosque
752 400 841 453 tulere

205 489 303 542 (iuncti
316 488 350 542 ad
363 488 485 556 reginam
498 486 603 541 Volsci.
641 485 718 538 Nihil
730 486 790 554 ipsa
802 503 854 540 nec
867 503 948 541 aurae

204 574 264 628 Nec
277 575 383 629 sonitus
395 590 503 627 memor
515 577 563 626 aut
575 573 713 626 venientis
725 573 760 626 ab
773 573 885 627 aethere
897 574 953 643 teli,

204 663 292 716 Hasta
304 663 355 716 sub
369 665 506 715 exsertam
518 660 607 713 donec
620 660 727 728 perlata
739 660 870 729 papillam

204 750 309 817 Haesit,
323 749 531 817 virgineumque
543 747 599 800 alte
613 747 682 800 bibit
694 755 756 801 acta
769 765 904 802 cruorem.

205 835 382 889 Concurrunt
393 834 518 902 trepidae
531 834 653 900 comites,
668 833 863 904 dominamque
875 842 1003 890 ruentem

203 922 372 991 Suscipiunt.
409 922 493 990 Fugit
505 929 569 975 ante
581 921 671 975 omnis
685 923 834 976 exterritus
846 923 962 992 Arruns,

205 1008 322 1063 Laetitia
333 1010 476 1079 mixtoque
489 1017 573 1076 metu,
588 1025 640 1062 nco
652 1008 707 1062 iam
721 1009 838 1078 amplius
851 1011 946 1065 hastae

204 1100 332 1168 Credere,
345 1115 397 1152 nec
409 1098 473 1152 telis
485 1113 630 1152 occurrere
643 1097 756 1166 virginis
769 1095 859 1152 audet.

204 1188 248 1241 Ac
259 1187 336 1241 velut
347 1186 403 1253 ille,
416 1185 493 1254 prius
505 1201 587 1253 quam
599 1183 655 1238 tela
666 1185 779 1238 inimica
791 1189 947 1255 sequantur,

205 1274 344 1328 Continuo
356 1273 386 1327 in
398 1272 501 1325 montis
513 1288 572 1326 sese
585 1271 663 1324 avius
676 1271 783 1324 abdidit
796 1271 866 1326 altos

204 1362 303 1416 Occiso
314 1365 426 1430 pastore
438 1360 519 1428 lupus
530 1375 667 1426 magnove
680 1359 804 1427 iuvenco,

206 1449 339 1503 Conscius
350 1448 461 1502 audacis
474 1447 546 1515 facti,
561 1448 730 1516 caudamque
743 1448 897 1502 remulcens

204 1536 327 1590 Subiecit
339 1537 512 1604 pavitantem
525 1541 612 1603 utero,
629 1535 764 1604 silvaeque
777 1535 891 1603 petivit:

206 1623 287 1677 Haud
300 1639 378 1677 secus
390 1639 424 1676 ex
438 1623 526 1677 oculis
537 1639 566 1675 se
579 1621 706 1676 turbidus
718 1623 832 1676 abstulit
845 1622 962 1692 Arruns,

205 1711 413 1780 Contentusque
426 1714 491 1780 l'uga
503 1712 600 1765 mediis
613 1728 641 1765 se
653 1711 804 1766 immiscuit
815 1713 907 1765 armis.

204 1799 259 1854 Illa
269 1815 353 1852 manu
365 1800 487 1853 moriens
499 1799 585 1853 telum
598 1799 701 1867 trahit3
722 1816 784 1853 ossa
796 1797 842 1852 sed
855 1799 929 1852 inter

204 1889 320 1944 Ferreus
333 1890 368 1944 ad
381 1897 470 1945 costas
483 1890 539 1944 alto
553 1894 608 1943 stat
620 1891 734 1944 volnere
745 1906 850 1943 mucro.

203 1976 319 2031 Labitur
331 1979 490 2046 exsanguis3
510 1977 643 2031 labuntur
654 1977 755 2046 frigida
767 1977 823 2030 leto

203 2066 334 2135 Lumina;
355 2083 509 2135 purpureus
521 2067 658 2136 quondam
673 2066 748 2121 color
761 2084 809 2120 ora
820 2065 939 2136 reliquit.

204 2153 274 2206 Tum
288 2155 327 2208 sic
340 2156 482 2225 exspirans
498 2157 607 2225 Accam,
623 2175 657 2211 ex
671 2156 829 2227 aequalibus
841 2172 933 2225 unam,

204 2243 380 2315 Adloquitur,
394 2244 449 2300 fida
462 2252 526 2300 ante
539 2247 606 2301 alias
619 2263 688 2316 quae
701 2246 759 2300 sola
771 2243 910 2314 Camillae,

205 2331 322 2397 Quicum
335 2333 430 2401 partiri
445 2351 532 2402 curas,
548 2340 630 2403 atque
642 2335 710 2388 haec
723 2334 763 2387 ita
773 2332 863 2387 fatur:

205 2421 223 2447 “
232 2419 378 2488 Hactenus,
393 2420 470 2474 Acca
482 2438 568 2489 soror,
582 2423 677 2490 potui3
698 2437 772 2474 nunc
785 2421 883 2474 volnus
895 2419 1028 2474 acerbum

205 2507 330 2575 (10011οἰ1,
345 2515 373 2563 et
385 2510 506 2563 tenebris
518 2511 679 2578 nigrescunt
691 2510 784 2563 omnia
797 2509 907 2563 circum.

205 2594 301 2665 Effuge
315 2602 342 2651 et
355 2597 422 2651 haec
436 2598 528 2652 Turno
541 2599 674 2653 mandata
685 2599 835 2653 novissima
846 2597 955 2666 perfer:

205 2682 339 2738 Succedot
352 2701 460 2753 pugnae
474 2685 661 2756 Troianosque
675 2692 767 2740 arceat
779 2685 856 2739 urbe.

204 2768 317 2840 lamque
329 2771 418 2825 vale.’'
455 2772 542 2826 Simul
555 2774 599 2827 his
612 2773 693 2827 dictis
703 2773 846 2842 linquebat
858 2772 990 2838 habenas,

204 2858 248 2911 Ad
264 2866 366 2914 terram
378 2876 435 2913 non
448 2867 546 2929 sponte
558 2860 653 2915 fluens.
691 2859 761 2913 Tum
774 2860 875 2928 frigida
887 2863 948 2913 toto

204 2945 340 3002 Paulatim
354 2947 472 3001 exsolvit
485 2965 514 3001 se
527 2965 650 3017 corpore,
665 2948 793 3016 lentaque
807 2946 876 3001 colla

203 3031 240 3088 Et
254 3041 363 3104 captum
376 3035 433 3089 leto
446 3036 538 3104 posuit
552 3040 642 3104 caput,
658 3053 734 3089 arma
746 3035 912 3103 relinquens,

204 3119 326 3191 Vitaque
339 3139 400 3176 cum
414 3124 517 3191 gemitu
529 3122 599 3190 fugit
612 3123 755 3189 indignata
768 3123 818 3175 sub
833 3121 952 3174 umbras

205 3207 272 3262 Tum
287 3227 353 3264 vero
365 3211 515 3265 immensus
528 3227 642 3278 surgens
655 3209 722 3263 ferit
735 3226 817 3263 aurea
830 3208 933 3262 clamor

205 3295 317 3363 Sidera3
338 3296 444 3351 deiecta
456 3298 594 3352 crudescit
605 3315 699 3366 pugna
711 3296 842 3363 Oamilla;

205 3381 354 3435 Incurrunt
366 3383 444 3436 densi
457 3384 536 3438 simul
550 3384 639 3438 omnis
652 3385 732 3452 copia
744 3384 879 3437 Teucrum

205 3465 394 3535 Tyrrhenique
407 3469 489 3522 duces
501 3469 679 3538 Euandrique
692 3470 815 3524 Arcades
828 3470 894 3524 alac.

240 3551 281 3605 At
293 3552 401 3606 Triviae
413 3560 505 3607 custos
516 3556 677 3609 iamdudum
690 3557 719 3610 in
732 3557 872 3611 montibus
885 3556 956 3625 Opis
