2730 3936
442 211 581 263 vanum
604 213 769 264 aunnmos
792 215 824 265 ll'.

118 374 255 444 induitur,
268 373 408 444 laterique
421 373 557 442 Argivum
570 375 760 429 accommodat
772 391 876 430 ensem.

119 462 180 516 Hoc
192 461 326 530 Ripbeus,
342 462 396 515 boc
408 462 466 529 ipse
478 460 584 528 Dymas
596 462 740 530 omnisque
753 462 882 517 iuventus

119 548 206 602 Laeta
216 549 303 616 facit;
324 548 419 617 spoliis
431 565 460 602 se
473 549 586 617 quisque
598 550 757 603 recentibus
767 554 864 604 armat.

120 637 258 690 Vadimus
269 636 392 689 immixti
404 636 507 690 Danais
518 636 592 689 hand
603 637 717 690 numine
730 646 833 704 nostro,

120 723 264 792 Multaque
275 739 327 792 per
339 739 449 778 caecam
461 723 601 791 congressi
613 722 718 792 proelia
729 729 841 777 noctem

121 811 310 874 Conserimus,
324 809 425 863 multos
437 810 563 863 Danaum
575 809 747 863 demittimus
759 810 840 864 Orco.

120 888 284 966 Diffugiunt
295 897 342 950 alii
355 897 390 951 ad
403 898 488 965 navis,
502 904 531 950 et
542 896 625 951 litora
637 913 719 950 cursu

120 985 192 1040 Fida
203 988 319 1054 petunt;
339 1001 403 1052 pars
415 985 554 1052 ingentem
569 984 720 1038 formidine
732 988 808 1055 turpi

121 1071 269 1126 Scandunt
282 1068 374 1124 iursus
387 1088 488 1140 equum
500 1075 528 1124 at
540 1077 607 1124 nota
620 1072 777 1126 conduntur
789 1074 818 1126 in
831 1072 903 1128 alvo.

158 1160 223 1213 Heu
236 1159 307 1212 nihil
319 1159 413 1212 invitis
425 1160 467 1213 fas
482 1177 647 1230 quemquam
660 1161 745 1216 fidere
757 1162 843 1216 divisi

121 1247 196 1302 Eooe
208 1247 370 1300 trahebatur
382 1247 470 1316 passis
482 1248 620 1302 Priameia
632 1249 712 1317 virgo
789 1291 793 1299 .

123 1335 257 1390 Crinibus
270 1350 287 1388 a
298 1333 402 1403 templo
415 1333 570 1390 Cassandra
582 1336 726 1405 adytisque
738 1337 888 1405 Minervae,

123 1423 168 1476 Ad
184 1421 291 1476 caelum
304 1421 420 1475 tendens
433 1422 559 1477 ardentia
570 1423 675 1478 lumina
687 1425 837 1492 frustra,—

122 1510 252 1574 Lumina,
264 1526 330 1563 nam
342 1514 451 1565 teneras
465 1512 596 1566 arcebant
609 1511 720 1566 vincula
731 1512 843 1580 palmas.

123 1598 191 1653 Non
203 1598 270 1651 tulit
281 1597 354 1651 hanc
366 1600 486 1667 speciem
499 1599 601 1653 furiata
612 1604 704 1652 mente
717 1598 868 1666 Coroebus,

122 1686 160 1740 Et
172 1702 234 1738 sese
247 1684 368 1738 madium
381 1686 476 1740 iniecit
487 1686 628 1754 pariturus
640 1686 670 1738 in
683 1702 791 1754 agmen.

123 1773 327 1842 Consequimur
340 1774 433 1828 cuncti
445 1783 474 1828 et
486 1773 577 1827 densis
588 1773 755 1826 incurrimus
768 1773 861 1828 armis

122 1861 179 1914 Hic
192 1861 313 1929 primum
326 1877 360 1914 ex
373 1860 431 1915 alto
443 1860 550 1914 delubri
563 1860 681 1914 culmine
694 1861 757 1914 telis

123 1949 294 2004 Nostrorum
307 1949 456 2017 obruimur,
471 1949 612 2016 oriturque
625 1948 778 2002 miserrima
790 1947 888 2002 caedes

123 2038 277 2090 Armorum
290 2037 358 2090 facie
371 2041 399 2089 et
412 2035 556 2090 Graiarum
570 2051 663 2089 errore
675 2036 811 2089 iubarum.
908 2047 913 2056 ·

124 2124 195 2177 Tum
208 2124 298 2177 Danai
311 2123 415 2192 gemitu
431 2129 514 2191 atque
527 2128 639 2190 ereptae
653 2123 766 2190 virginis
778 2123 820 2176 ira

125 2211 255 2282 Undique
267 2213 375 2268 collecti
388 2212 530 2278 invadunt,
545 2211 695 2265 acerrimus
707 2210 787 2276 Aiax,

124 2299 162 2353 Et
175 2302 279 2368 gemini
294 2302 415 2370 Atridae,
430 2300 624 2368 Dolopumque
638 2298 775 2352 exercitus
787 2299 891 2353 omnis:

125 2388 246 2442 Adversi
258 2394 342 2456 rupto
354 2405 403 2442 ceu
417 2387 555 2456 quondam
568 2385 678 2438 turbine
691 2385 767 2438 venti

124 2475 294 2545 Confligunt,
308 2476 505 2544 Zephyrusque
519 2470 664 2541 Notusque
677 2477 705 2525 et
716 2472 805 2526 laetus
817 2471 883 2525 Eois

123 2563 216 2618 Eurus
228 2565 320 2633 equis3
342 2563 462 2617 stridunt
475 2562 567 2629 silvae,
583 2560 725 2628 saevitque
737 2558 852 2612 tridenti

124 2651 261 2720 Spumeus
274 2658 356 2720 atque
368 2652 425 2705 imo
438 2650 546 2704 Nereus
557 2649 613 2702 ciet
625 2663 745 2716 aequora
757 2645 852 2702 fundo.

124 2737 169 2791 llli
182 2739 274 2807 etiam,
290 2740 312 2792 si
325 2755 394 2808 quos
406 2738 522 2792 obscura
535 2742 618 2791 nocte
631 2753 681 2805 per
694 2734 819 2787 umbram

124 2825 256 2879 Fudimus
268 2826 375 2880 insidiis
387 2831 500 2894 totaque
513 2825 676 2892 agitavimus
688 2823 764 2891 urbe,

123 2915 287 2982 Apparent;
308 2914 391 2982 primi
405 2913 507 2982 clipeos
519 2912 690 2980 mentitaque
702 2909 759 2964 tela

123 3003 298 3070 Agnoscunt,
313 3005 396 3070 atque
408 3017 458 3054 ora
470 3016 539 3054 sono
551 2998 688 3052 discordia
701 2997 818 3066 signant.

122 3088 203 3143 ilicet
217 3089 362 3143 obruimur
373 3104 504 3155 numer03
525 3088 683 3156 primusque
696 3085 837 3138 Coroebus

122 3175 235 3231 Penelei
248 3177 349 3230 dextra
360 3175 440 3229 divae
453 3174 645 3243 armipotentis
658 3175 692 3227 ud
705 3189 780 3226 aram

123 3263 303 3330 Procumbit3
324 3262 399 3316 cadit
411 3267 439 3315 et
453 3261 582 3330 Ripheus,
596 3261 762 3314 iustissimus
775 3275 845 3312 unus

122 3350 176 3416 Qui
189 3352 245 3404 fuit
258 3351 288 3402 in
301 3347 414 3403 Teucris
427 3353 454 3402 et
467 3348 688 3402 servantissimus
702 3347 795 3416 aequ13

121 3437 171 3492 Dis
184 3439 267 3493 aliter
281 3437 387 3502 visum,
412 3442 530 3503 pereunt
553 3436 731 3504 Hypanisque
744 3433 903 3502 Dymasque

121 3525 230 3581 Confixi
244 3543 262 3580 a
274 3524 373 3592 sociis;
393 3539 445 3577 nso
457 3528 486 3576 te
498 3529 545 3576 tua
556 3522 684 3592 plurima,
698 3520 816 3589 Panthu,
