2668 3942
430 216 568 266 VERGILI
591 215 754 266 uuuuluos
778 215 835 266 XII.

121 381 171 434 His
183 380 262 434 aliud
275 381 363 434 maius
376 376 492 434 Iuturna
505 379 637 447 adiungit,
653 385 682 432 et
695 379 753 432 alto

119 469 175 522 Dat
187 469 296 536 signum
311 467 396 534 caelo,
411 484 465 536 quo
479 483 534 520 non
548 467 720 535 praesentius
735 463 837 520 ullum'·

119 556 252 610 Turbavit
265 560 374 608 mentes
386 553 479 621 Italas,
494 558 673 622 monstroque
688 553 793 607 fefellit.

118 643 247 714 Namque
259 643 357 696 volans
369 641 453 694 rubra
464 640 558 694 fulvus
571 640 647 694 lovis
659 640 715 694 ales
728 641 756 692 in
768 641 865 696 aethra

116 731 243 785 Litoreas
256 730 379 800 agitabat
391 745 454 782 aves
466 728 631 796 turbamque
644 735 788 782 sonantem

116 819 246 887 Agminis
259 819 362 887 aligeri,
377 816 467 870 subito
483 832 545 869 cum
560 815 653 884 lapsus
665 815 700 869 ad
714 816 799 870 undas

116 905 242 972 Cycnum
257 892 436 961 excellentem
449 903 565 974 pedibus
581 902 808 971 rapitimprcbus
820 905 906 958 uncis.

114 993 257 1048 Arrexere
270 996 377 1048 animos
389 994 459 1060 itali,
475 995 644 1057 cunctaeque
658 989 783 1044 volucres

115 1079 292 1135 Convertunt
305 1082 424 1135 clamore
436 1075 694 1148 fugam-mirabile
708 1076 804 1128 visu-—

113 1168 295 1238 Aetheraque
308 1171 456 1224 obscurant
470 1169 576 1237 pennis,
595 1166 757 1231 hostemque
770 1181 821 1233 per
833 1181 914 1219 auras

113 1255 200 1310 Facta
212 1256 287 1310 nube
299 1263 437 1325 premunt,
453 1257 540 1311 donec
555 1256 580 1308 vi
593 1253 684 1306 victus
697 1251 798 1319 etipse

112 1343 241 1398 Pondere
254 1344 365 1412 defecit,
378 1345 563 1413 praedamque
577 1359 611 1396 ex
625 1339 762 1408 unguibus
775 1339 830 1392 ales

111 1430 236 1486 Proiecit
249 1431 342 1500 fluvi0,
356 1432 519 1500 penitusque
531 1433 560 1484 in
572 1431 668 1484 nubila
681 1429 758 1496 fugit.
897 1423 899 1428 ’

111 1517 182 1570 Tum
197 1535 264 1572 vero
277 1520 420 1587 augurium
434 1519 528 1572 Rutuli
544 1519 664 1573 elamore
679 1517 807 1585 salutant,

110 1604 327 1675 Expediuntque
339 1623 451 1674 manus;
471 1607 630 1675 primusque
645 1605 805 1659 Tolumnius
818 1621 905 1672 augur

113 1694 201 1748 “Hoc
213 1702 282 1762 erat,
297 1694 359 1760 hoc,
373 1695 446 1748 votis
456 1694 472 1722 ’'
485 1695 574 1762 inquit
589 1696 605 1722 “
617 1693 688 1762 qnod
705 1709 786 1761 saepe
799 1693 884 1761 petivi
895 1712 902 1762 3

84 1827 85 1830 ,
109 1781 238 1850 Accipi0‚
253 1798 427 1850 agnoscoque
439 1781 520 1848 deos3
541 1799 593 1849 me,
610 1797 654 1834 me
667 1781 736 1834 duce
750 1782 856 1834 ferrum
946 1839 949 1846 ⁴

108 1869 259 1938 Corripite
275 1886 292 1923 ο
304 1869 404 1937 miseri,
420 1885 488 1938 quos
499 1869 641 1938 improbus
654 1869 762 1922 advena
774 1869 847 1922 bello

109 1957 240 2020 Territat,
254 1958 389 2012 invalidas
400 1964 432 2012 ut
445 1975 516 2022 aves,
531 1964 560 2012 et
571 1959 654 2013 litora
668 1965 759 2013 vestra

108 2045 147 2098 Vi
160 2045 292 2114 populat:
312 2051 387 2114 petet
399 2045 446 2100 ille
460 2046 561 2114 fugam,
576 2048 741 2118 penitusque
756 2052 896 2118 profundo

107 2132 182 2186 Vela
194 2133 281 2186 dabit.
318 2133 378 2187 Vos
390 2134 513 2188 unanimi
525 2134 638 2188 densete
650 2141 783 2206 catervas,

106 2219 144 2273 Et
157 2237 253 2288 regem
266 2221 345 2274 vobis
357 2238 449 2290 pugna
462 2221 602 2276 defendite
615 2227 753 2292 raptum.”

105 2307 196 2372 Dixit,
212 2314 241 2361 et
254 2308 383 2362 adversos
396 2309 481 2362 telum
494 2311 630 2363 contorsit
643 2312 670 2364 iu
687 2313 774 2370 hostis

106 2396 297 2450 Procurrens:
318 2397 438 2450 sonitum
451 2397 499 2450 dat
512 2398 627 2452 stridula
642 2417 748 2470 cornus,
765 2409 792 2458 et
805 2422 884 2459 auras

107 2483 196 2536 Certa
207 2491 290 2536 secat.
328 2483 413 2536 Simul
425 2484 485 2551 hee,
501 2471 581 2538 simul
596 2485 693 2554 ingens
707 2490 819 2558 clamor,
834 2497 863 2545 et
875 2509 971 2546 omnes

105 2570 224 2623 Turbati
239 2571 325 2638 cunei,
337 2571 523 2639 calefactaque
536 2573 620 2627 eorda
634 2577 760 2630 tumultu.
849 2588 851 2600 ·

105 2659 199 2712 Hasta
211 2658 313 2726 volans,
325 2664 356 2712 ut
367 2659 442 2712 forte
455 2677 555 2714 novem
571 2663 757 2731 pulcherrima
770 2667 888 2721 fratrum

105 2747 235 2815 Corpora
247 2747 428 2800 constiterant
440 2754 544 2815 contra,
557 2767 626 2818 quos
639 2752 693 2806 fida
705 2760 812 2808 crearat

106 2834 172 2888 Una
184 2839 229 2887 tot
243 2833 361 2888 Arcadio
374 2835 494 2888 coniunx
508 2836 651 2903 Tyrrhena
664 2840 792 2908 Gylippo‚

105 2921 217 2974 Horum
231 2936 315 2973 unum
329 2921 364 2974 ad
376 2922 505 2991 medium,
518 2925 617 2978 teritur
630 2943 684 2995 qna
697 2928 786 2981 sutilis
798 2928 861 2982 alvo

105 3009 222 3062 Balteus
235 3014 264 3061 et
275 3008 391 3062 luterum
404 3011 546 3065 iuncturas
559 3011 645 3078 fibula
657 3014 773 3081 mordet,

105 3096 257 3164 Egregium
269 3097 360 3150 forma
372 3099 501 3151 iuvenem
515 3104 543 3152 et
554 3099 725 3168 fulgentibus
738 3103 828 3172 armis,

105 3183 282 3252 Traneadigit
295 3192 392 3253 costas,
404 3187 538 3254 fulvaque
550 3187 669 3241 effundit
680 3188 793 3244 harena.

105 3274 146 3325 At
158 3273 266 3338 fratres,
279 3274 405 3327 animosa
418 3273 538 3342 phalanx
552 3291 719 3343 accensaque
731 3277 816 3344 luctu,

104 3359 174 3413 Pare
186 3359 293 3428 gladios
306 3360 447 3428 stringunt
460 3360 594 3428 manibus,
606 3377 670 3429 pars
682 3363 784 3416 missile
796 3365 903 3418 sermm

106 3447 274 3516 Oorripiunt‚
287 3449 417 3517 caecique
429 3452 522 3500 ruunt.
561 3447 636 3513 Quos
649 3452 758 3511 agmina
770 3464 867 3506 contra

103 3534 277 3589 Procurrunt
290 3536 460 3590 Laurentum
473 3553 480 3602 ;
500 3535 566 3589 hino
579 3536 658 3590 densi
672 3553 766 3591 rursus
778 3539 915 3594 inundant
