2734 3936
495 200 633 249 vnuclnl
656 203 843 252 GEORGIGON
867 204 899 253 II.

223 361 278 414 Sed
289 377 378 430 neque
392 361 544 427 Medorum,
559 363 643 418 silvae
653 363 795 427 ditissima,
812 372 892 430 terra,

187 448 215 501 N
216 465 246 502 cc
259 449 374 516 pulcher
387 449 497 516 Ganges
509 454 591 517 atque
604 467 671 502 auro
684 450 813 503 turbidus
826 451 945 504 llermus

186 535 326 589 Laudibus
338 535 435 588 Italiae
448 541 564 598 certent,
579 553 635 590 non
649 537 759 606 Bactra,
774 554 863 606 neque
878 538 947 604 ludi,

186 623 308 691 Totaque
320 622 443 675 turiferis
455 621 594 676 Panchaia
605 624 715 692 pinguis
726 624 846 677 harenis.

187 710 261 764 Haec
273 710 335 764 loca
347 726 401 762 non
416 710 489 763 tauri
502 710 639 778 spirantes
651 710 766 764 naribus
779 713 870 779 ignem

185 797 328 850 Invertere
350 797 416 850 satis
428 797 556 850 immanis
570 796 700 851 dentibus
712 798 804 866 hydri,

186 883 245 937 Nec
257 884 341 952 galeis
353 884 499 952 densisque
512 885 602 937 virum
616 901 696 954 seges
708 885 817 938 horruit
829 886 932 952 hastis3

186 970 240 1024 Sed
252 971 382 1040 gravidae
394 971 489 1039 fruges
501 977 530 1025 et
543 971 646 1025 Bacchi
660 971 794 1026 Massicus
809 989 889 1026 umor

185 1059 355 1126 Implevere3
376 1063 473 1112 tenent
486 1059 561 1113 oleae
577 1064 757 1128 armentaque
769 1061 851 1114 lacta.

185 1145 259 1199 Hinc
270 1145 388 1199 bellator
400 1162 486 1215 equus
499 1163 597 1214 campo
611 1163 670 1200 sese
687 1148 788 1200 arduus
801 1148 902 1214 infert,

185 1233 258 1287 Hinc
271 1233 332 1299 albi,
348 1233 496 1303 Olitumue,
510 1251 608 1302 greges
620 1241 648 1288 et
660 1236 781 1290 maxima
792 1241 888 1298 taurus

185 1321 316 1389 Victima,
328 1338 410 1390 saepe
422 1328 471 1375 tuo
484 1323 590 1390 pertusi
602 1321 716 1376 flumine
728 1340 815 1391 sacro,

185 1409 325 1461 Romanos
338 1408 374 1462 ad
385 1409 489 1478 templa
501 1411 583 1463 deum
595 1410 700 1464 duxere
712 1412 877 1480 triumphos.

185 1495 238 1549 Hic
251 1511 299 1548 ver
312 1494 456 1548 adsiduum
469 1503 552 1567 atque
564 1497 660 1551 alienis
672 1499 812 1551 mensibus
824 1504 929 1564 aestas;

185 1583 234 1636 Bis
245 1582 375 1650 gravidas
388 1583 513 1650 pecudes,
528 1585 571 1638 bis
582 1585 673 1653 pomis
686 1585 761 1638 utilis
773 1585 861 1639 arbos.

185 1669 226 1722 At
238 1669 351 1722 rabidae
364 1669 448 1736 tigres
461 1671 562 1725 absunt
573 1677 603 1726 et
615 1689 697 1726 saeva
709 1672 821 1726 leonum

186 1756 313 1824 Semina,
333 1773 384 1810 nec
400 1757 514 1811 miseros
526 1759 626 1813 fallunt
639 1761 749 1813 aconita
760 1760 884 1828 legentis,

185 1843 245 1898 Nec
257 1845 330 1912 rapit
342 1846 490 1899 immensos
502 1847 577 1900 orbis
590 1863 640 1916 per
651 1847 775 1914 humum,
789 1865 879 1915 neque
891 1852 971 1900 tanto

185 1931 337 2002 Squameus
349 1934 377 1986 in
391 1934 491 2002 spiram
506 1939 596 1988 tractu
611 1951 640 1988 se
653 1935 759 2002 colligit
772 1935 877 2000 anguis.

186 2019 267 2074 Adde
278 2026 322 2074 tot
334 2023 457 2090 egregias
471 2023 552 2075 urbes
564 2039 733 2092 operumque
746 2023 875 2089 laborem,

185 2106 238 2160 Tot
250 2115 382 2175 congesta
393 2125 476 2163 manu
489 2109 646 2178 praeruptis
659 2109 761 2177 oppida
770 2110 851 2177 saxis,

184 2193 364 2264 Fluminaque
377 2197 504 2265 antiquos
517 2196 734 2251 subterlabentia
746 2213 847 2250 muros.

184 2280 231 2334 An
245 2299 329 2352 mare,
344 2285 416 2352 quod
432 2301 523 2352 snpra,
538 2301 696 2352 memorem,
712 2285 840 2352 quodque
853 2285 940 2338 adluit
956 2285 1046 2339 infra?

184 2368 266 2423 Anne
278 2370 353 2424 lacus
365 2372 477 2425 tantosl
498 2378 533 2439 te,
548 2372 611 2426 Lari
623 2373 752 2439 maxime,
768 2379 858 2442 teque,

184 2456 327 2510 Fluctibus
339 2468 368 2512 et
379 2459 491 2512 fremitu
504 2458 654 2528 adsurgens
666 2459 775 2514 Benace
788 2459 915 2512 marinol

184 2543 230 2596 An
244 2561 393 2599 memorem
406 2551 503 2614 portus
515 2546 689 2616 Lucrinoque
702 2547 797 2600 addita
809 2546 928 2600 claustra

184 2632 278 2701 Atque
290 2634 462 2702 indignatum
478 2636 583 2704 magnis
596 2635 761 2689 stridoribus
773 2651 884 2704 aequor,

184 2720 255 2774 Iulia
267 2738 320 2790 qua
331 2729 418 2790 ponto
431 2723 513 2792 longe
526 2730 606 2777 sonat
619 2724 693 2778 unda
705 2725 799 2778 refuso

184 2806 397 2878 Tyrrhenusque
409 2810 490 2863 fretis
502 2811 664 2864 immittitur
677 2817 768 2865 aestus
780 2811 919 2866 Avernisl

184 2894 260 2948 Haec
273 2897 368 2950 eadem
383 2899 488 2965 argenti
502 2889 577 2952 rivos
589 2900 713 2967 aerisque
726 2898 839 2953 metalla

185 2982 313 3037 Ostendit
325 2987 410 3052 venis,
426 2993 507 3053 atque
521 3002 589 3039 auro
601 2986 721 3053 plurima
733 2985 822 3040 fiuxit.

185 3068 260 3124 llaec
273 3089 359 3140 genus
371 3089 432 3126 acre
446 3073 544 3140 virum,
559 3072 673 3140 Marsos,
689 3075 843 3143 pubemque
856 3074 1000 3142 Sabellam,

184 3157 392 3228 Adsuetumque
406 3160 478 3212 malo
491 3159 627 3228 Ligurem,
643 3159 815 3229 Volscosque
828 3167 941 3216 verutos

183 3243 298 3310 Extulit,
313 3245 381 3300 haec
393 3246 500 3313 Decios,
516 3247 625 3315 Marica,
640 3264 807 3316 magnosque
821 3247 959 3315 Camillos,

185 3330 326 3398 Scipiadas
338 3332 422 3385 duros
434 3332 516 3401 bello,
531 3339 559 3387 et
571 3340 608 3403 te,
622 3336 742 3390 maxime
756 3335 864 3402 Caesar,

185 3418 239 3481 Qui
252 3435 326 3470 nunc
339 3419 470 3472 extremis
484 3420 566 3473 Asiae
581 3422 634 3474 iam
648 3423 780 3476 victorin
793 3422 849 3474 oris

185 3503 327 3556 Imbellem
341 3505 443 3557 avertis
455 3505 588 3558 Romanis
601 3508 709 3560 arcibus
722 3508 829 3561 Indum.
