2730 3936
517 189 653 239 vussultl
677 189 842 237 AENEIDOS
864 190 910 240 ΠΙ.

203 353 301 407 Infelix
314 357 398 420 vates,
414 353 571 420 rumpitque
586 352 656 405 hanc
670 357 782 421 pectore
796 367 908 405 vocem:

204 440 338 493 “Bellum
353 440 435 492 etiam
450 456 501 507 pro
514 439 597 492 caede
610 439 692 492 boum
707 439 854 507 stratisque
867 438 999 503 iuvencis,

201 526 459 587 Laomedontiadas,
474 525 614 578 bellumne
628 525 728 578 inferre
741 526 845 593 paratis

201 614 238 667 Et
250 614 340 682 patrio
355 613 493 682 llcrpyias
506 613 626 666 insontis
640 612 742 680 pellere
756 613 861 680 regno?

201 701 328 768 Accipite
341 717 407 767 ergo
421 700 519 753 animis
533 705 615 767 atque
629 699 697 752 llaec
711 715 771 752 inea
783 699 859 767 figite
872 700 960 754 dicta:

201 787 278 852 Quae
292 787 404 840 Phoebo
418 792 496 854 pater
508 787 693 854 omnipotens,
708 785 776 838 mihi
789 785 919 840 Phoebus
933 787 1034 855 Apollo

200 873 349 939 Praedixit,
363 873 442 926 vobis
455 873 598 926 Furiarum
614 889 665 940 ego
680 873 800 926 maxima
812 873 902 941 pando
916 890 922 924 :

200 960 309 1014 ltaliam
322 977 402 1014 cursu
417 961 517 1030 petitis,
533 960 678 1027 ventisque
692 961 799 1013 vocatis

200 1047 281 1101 Ibitis
294 1047 410 1114 Italiam,
425 1053 574 1116 portusque
587 1047 691 1100 intrare
704 1047 814 1115 licebit;

201 1136 254 1189 Sed
267 1152 323 1190 non
336 1142 400 1189 ante
413 1135 506 1189 datam
519 1135 634 1203 cingetis
649 1134 794 1187 moenibus
807 1136 912 1200 urbem,

201 1223 291 1288 Quam
304 1240 354 1276 vos
366 1222 427 1276 dira
439 1223 525 1275 fames
539 1226 702 1290 nostraeque
716 1221 817 1275 iniuria
830 1223 923 1276 caedis

200 1310 336 1363 Ambesas
348 1310 455 1378 subigat
468 1309 547 1362 malis
560 1310 703 1362 absumere
718 1309 854 1363 mensas.”

199 1397 285 1464 Dixit,
301 1405 329 1450 et
340 1397 370 1448 in
382 1397 478 1450 silvam
491 1397 590 1464 pennis
604 1397 697 1450 ablata
709 1397 819 1464 refugit.

200 1485 239 1536 At
253 1484 332 1536 sociis
345 1483 435 1536 subita
447 1483 553 1551 gelidus
567 1484 716 1538 formidine
732 1485 842 1552 sanguis

199 1569 342 1637 Deriguit;
363 1570 487 1624 cecidere
500 1571 591 1638 animi,
606 1588 657 1625 nec
671 1572 727 1624 iam
743 1571 859 1639 amplius
872 1573 961 1640 annis,

199 1656 252 1709 Sed
268 1657 339 1709 votis
350 1658 532 1725 precibusque
545 1658 642 1712 iubent
659 1675 805 1726 exposcere
821 1675 923 1726 pacem,

199 1743 263 1796 Sive
276 1742 351 1810 deae,
367 1760 413 1796 seu
427 1745 482 1797 sint
494 1744 569 1798 dirae
584 1746 771 1814 obscenaeque
785 1746 917 1799 volucres

198 1830 233 1882 Et
247 1835 325 1898 pater
339 1831 473 1884 Anchises
485 1832 573 1899 passis
585 1832 620 1885 de
633 1832 714 1886 litore
727 1832 825 1900 palmis

199 1915 321 1970 Numina
333 1935 433 1986 magna
446 1925 533 1984 vocat,
550 1920 717 1988 meritosque
733 1920 830 1974 indicit
844 1921 976 1975 honores:

200 2005 216 2032 “
226 2003 270 2069 Di,
284 2006 431 2073 prohibete
443 2007 544 2070 minas;
567 2005 602 2072 di,
622 2007 703 2060 talem
719 2009 835 2062 avertite
849 2025 952 2076 casum,

197 2090 234 2144 Et
247 2091 345 2160 placidi
358 2099 465 2146 servate
479 2094 551 2160 pios!
563 2093 578 2119 ’³
598 2094 665 2146 Tum
679 2095 759 2148 litore
773 2095 865 2163 funem

198 2177 339 2247 Deripere,
354 2196 536 2250 excussosque
549 2183 626 2236 iubet
638 2185 731 2240 laxare
745 2188 876 2244 rudentis.

198 2265 326 2320 Tendunt
338 2268 399 2320 vela
412 2267 494 2336 Noti;
517 2270 637 2337 fugimus
650 2276 840 2341 spumantibus
852 2278 942 2346 undis,

199 2352 260 2417 Qua
273 2371 382 2407 cursum
397 2362 550 2424 ventusque
565 2359 785 2430 gubernatorque
799 2365 924 2419 vocabat.

197 2440 256 2492 lam
269 2441 360 2494 medio
373 2449 487 2510 apparet
501 2443 584 2496 fluctu
598 2462 743 2502 nemorosa
755 2449 912 2517 Zacynthos

198 2526 410 2596 Dulichiumque
423 2529 557 2598 Sameque
572 2540 600 2584 et
613 2532 725 2587 Neritos
739 2536 824 2590 ardua
837 2531 917 2592 saxis

198 2613 348 2681 Effugimus
361 2616 487 2683 scopulos
500 2617 622 2687 Ithacae,
643 2620 752 2676 Laertia
764 2640 855 2693 regna,

197 2700 233 2753 Et
246 2707 349 2754 terram
363 2702 486 2756 altricem
500 2706 573 2758 saevi
588 2723 761 2762 exsecramur
775 2710 857 2765 Ulixi.

197 2787 262 2843 Mox
276 2795 303 2842 et
316 2788 452 2843 Leucatae
464 2793 592 2846 nimbosa
608 2797 750 2850 cacumina
762 2799 871 2854 montis.

196 2875 233 2929 Et
245 2877 412 2930 formidatus
424 2880 515 2932 nautis
528 2880 652 2948 aperitur
667 2883 774 2951 Apollo.

197 2961 278 3016 Hunc
291 2965 410 3030 petimus
423 2965 488 3017 fessi
502 2974 530 3019 et
545 2983 645 3034 parvae
661 2971 831 3025 succedimus
844 2973 923 3042 urbi;

197 3047 309 3103 Ancora
321 3050 356 3103 de
370 3067 452 3118 prora
464 3052 570 3120 iacitur,
587 3061 661 3109 stant
673 3055 754 3111 litore
767 3076 883 3128 puppes.
914 3089 917 3095 ·

232 3135 304 3204 Ergo
316 3137 456 3206 insperata
468 3141 580 3194 tandem
594 3143 692 3197 tellure
705 3146 786 3213 potiti

197 3220 411 3293 Lustrcmurque
426 3226 484 3279 lovi
499 3229 623 3296 votisque
635 3229 807 3287 incendimus
821 3251 890 3304 aras,

197 3311 334 3379 Actiaque
349 3313 438 3366 Iliacis
453 3315 622 3369 celebramus
635 3317 718 3372 litora
731 3319 810 3374 ludis.

197 3396 337 3452 Exercent
349 3401 451 3467 patrias
465 3401 526 3454 oleo
539 3402 649 3456 labente
662 3405 812 3472 palaestras

198 3482 225 3536 N
227 3485 302 3539 udati
315 3486 397 3554 socii3
418 3489 496 3541 iuvat
509 3490 626 3544 evasisse
639 3495 682 3545 tot
696 3494 776 3547 urbes
