2730 3936
515 226 654 277 visseim
676 226 840 276 AENEIDOS
862 227 893 276 11.

195 389 301 459 Eripui‚
316 391 415 459 fateor,
429 389 487 444 leto
499 405 552 457 me,
567 396 595 442 et
608 389 719 442 vincula
730 388 800 458 rupi,

196 477 362 547 Lirudscque
374 478 435 532 lacu
448 493 497 545 per
510 481 620 530 noctem
635 477 766 529 obscurus
778 476 808 529 in
820 475 886 530 ulva

195 564 309 632 Delitui,
324 563 389 617 dum
403 564 465 617 vela
475 563 582 631 darent
594 564 617 616 si
631 564 705 616 forte
718 563 867 618 dedissent.

196 650 256 706 Nec
267 651 336 704 mihi
348 652 403 704 iam
415 651 534 719 patriam
547 651 689 720 antiquam
703 667 765 719 spes
777 650 834 705 ullu
847 650 965 718 videndi,

156 779 158 783 -
196 737 256 792 Nec
268 737 356 792 dulcis
368 742 449 791 natos
462 743 678 807 exoptatumque
691 743 850 807 parentem;

197 825 272 891 Quos
284 825 325 877 illi
337 825 394 879 sors
406 830 434 879 et
445 841 549 894 poenas
562 825 596 878 ob
609 830 705 879 nostra
717 835 863 894 reposcent

196 912 312 982 Effugia,
327 917 355 965 et
368 911 477 980 culpam
490 911 561 965 hanc
575 911 736 964 miserorum
750 918 840 966 morte
853 913 977 981 piabunt.

196 998 277 1064 Quod
290 1005 318 1053 tc
331 1015 381 1068 per
395 1015 509 1068 superos
522 1007 550 1052 et
563 998 673 1052 conseia
685 1000 798 1052 numina
810 999 876 1068 veri,

195 1084 257 1152 Per,
272 1086 295 1139 si
308 1102 362 1154 qua
375 1090 422 1153 est,
438 1102 507 1154 quae
521 1091 606 1138 restet
619 1085 709 1140 adhuc
722 1085 884 1140 mortalibus
896 1102 1012 1154 usquam

196 1173 364 1228 lutomeretu
376 1172 451 1240 fides,
466 1189 523 1241 oro,
537 1172 665 1227 miserere
678 1172 804 1226 laborum

195 1261 354 1330 Tantorum,
362 1263 498 1315 ‘miserere
511 1261 594 1314 animi
607 1276 664 1313 uon
677 1259 760 1328 digna
771 1260 913 1314 ferentis.'’

232 1348 282 1401 His
294 1348 414 1402 lacrimis
427 1350 512 1403 vitam
527 1347 631 1416 damus,
648 1355 676 1401 et
688 1347 888 1402 miserescimus
901 1347 982 1402 ultr0.

195 1434 259 1504 Ipse
271 1435 332 1488 viro
345 1435 450 1505 primus
463 1434 584 1488 manicas
597 1439 679 1502 atque
693 1439 753 1488 arta
765 1434 851 1488 levari

196 1523 297 1579 Vincla
308 1525 386 1578 iubet
397 1524 531 1591 Priamus,
547 1523 681 1592 dictisque
693 1523 732 1576 itu
744 1523 820 1576 latur
832 1523 941 1578 amicis:

197 1612 214 1640 “
225 1610 354 1681 Quisquis
365 1628 403 1679 es,
420 1612 533 1666 amissos
546 1611 611 1666 hinc
623 1612 679 1666 iam
692 1611 853 1666 obliviscere
863 1611 976 1680 Grai0s3

196 1697 299 1752 Noster
312 1699 374 1768 eris,
389 1700 511 1769 mihique
524 1699 592 1754 hoec
605 1701 723 1756 edissere
736 1718 802 1755 vera
813 1701 939 1770 roganti:

196 1785 258 1851 Quo
271 1785 372 1840 molem
383 1785 454 1840 hanc
465 1787 594 1842 immanis
607 1788 670 1856 equi
683 1788 821 1842 statuere?
842 1788 903 1857 quis
915 1787 1030 1841 auctori

197 1873 304 1938 Quidve
317 1874 433 1941 petuuti
453 1890 523 1944 quae
537 1875 642 1943 religia
657 1879 706 1929 aut
715 1891 785 1944 quae
798 1873 926 1928 machina
940 1873 1020 1928 bellii
1031 1872 1048 1903 '‘

196 1960 320 2014 Dixerat.
358 1959 415 2028 Ille,
431 1960 502 2014 dolis
515 1962 664 2015 instructus
677 1967 704 2015 et
717 1968 776 2017 arte
788 1961 910 2032 Pelasga,

195 2049 311 2106 Sustulit
325 2056 422 2106 exutas
434 2052 531 2107 vinclis
544 2051 579 2107 ad
592 2052 680 2108 sidera
692 2052 809 2122 palmas:

197 2141 214 2168 ‘¹
225 2138 291 2208 Vos,
306 2141 411 2195 aeterni
424 2141 508 2209 ignes,
524 2148 552 2196 et
564 2159 620 2196 uon
634 2140 761 2195 violabile
773 2146 894 2196 vestrum

194 2227 292 2282 Testor
304 2246 406 2285 numen
418 2230 434 2258 ”
449 2231 576 2298 ait‚“v0s
589 2247 651 2286 aruc
664 2247 795 2300 ensesque
808 2228 929 2298 nefandi,

196 2315 271 2381 Quos
284 2317 348 2385 fugi,
363 2317 502 2386 vittaeque
514 2317 606 2386 deum,
620 2334 687 2386 quas
698 2317 789 2371 hostia
801 2317 888 2386 gessi:

195 2402 247 2458 Fas
259 2403 328 2457 mihi
341 2404 488 2459 Graiorum
501 2410 608 2460 sueretu
619 2405 756 2459 resolvere
768 2405 837 2472 iura,

195 2489 248 2543 Fas
261 2490 350 2546 odisse
365 2492 445 2559 viros,
461 2496 543 2560 atque
557 2492 651 2546 omnia
663 2492 735 2545 ferre
748 2492 798 2545 sub
811 2508 897 2558 auras,

195 2576 225 2630 Si
238 2595 291 2646 quu
303 2583 417 2646 tegunt;
438 2585 536 2632 teneor
549 2579 654 2646 patriae
668 2595 718 2632 nec
731 2578 837 2645 legibus
851 2578 921 2632 ullis.

195 2663 235 2718 Tu
248 2665 332 2720 modo
343 2665 484 2735 promissis
496 2682 614 2733 maneas,
629 2671 789 2734 servataque
802 2682 893 2720 serves

137 2753 146 2762 '
194 2750 276 2807 Troia
287 2751 377 2821 fidem,
393 2754 414 2806 si
427 2768 492 2806 vere
504 2753 599 2820 feram,
613 2753 635 2806 si
648 2769 748 2820 magua
761 2751 917 2821 rependam.

194 2838 292 2892 Omnis
304 2856 365 2909 spes
378 2839 504 2894 Danaum
519 2845 547 2893 et
560 2840 650 2908 coepti
664 2839 764 2893 fiducia
776 2839 840 2893 belli

193 2925 314 2979 Palladis
326 2927 436 2980 auxiliis
450 2942 559 2996 semper
572 2928 659 2980 stetit.
697 2927 802 2996 lmpius
814 2943 847 2978 ex
862 2943 916 2994 quo

194 3012 312 3080 Tydides
326 3013 373 3068 sed
387 3014 459 3068 euim
473 3013 660 3084 scelerumque
673 3015 803 3066 inventor
816 3011 919 3080 Ulixes,

194 3099 288 3154 Fatale
301 3101 421 3170 aggressi
436 3107 543 3155 sacruto
556 3100 675 3155 avellere
687 3101 793 3170 templo

193 3186 355 3256 Palladium,
371 3188 457 3243 caesis
470 3205 592 3242 summae
605 3186 765 3241 custodibus
778 3188 855 3255 arcis,

193 3274 358 3342 Oorripuere
372 3292 474 3329 sacram
489 3275 614 3342 effigiem,
630 3275 811 3344 manibusque
824 3274 947 3328 cruentis

193 3361 341 3429 Virgineus
354 3363 413 3416 ausi
426 3362 506 3416 divae
520 3362 680 3429 contingere
694 3363 784 3429 vittas,

193 3447 235 3500 Ex
249 3448 296 3501 illo
308 3447 395 3502 fluere
405 3466 435 3501 ac
449 3456 524 3501 retro
537 3448 667 3516 sublapsa
679 3449 776 3502 referri

194 3533 261 3603 Spes
273 3533 408 3602 Danaum,
422 3533 526 3587 fractae
540 3535 617 3602 vires,
633 3551 730 3588 aversa
742 3535 809 3588 deae
823 3551 908 3590 mens.
