2706 3938
518 233 656 283 VERGILI
679 235 843 283 AENEIDOS
865 234 897 284 V.

201 393 252 448 Ast
263 394 342 446 illum
354 393 403 447 fidi
416 394 549 463 aequales,
564 411 654 462 genua
667 413 750 464 aegra
768 397 934 464 trahentem,

197 480 404 550 laetantemque
417 487 533 550 utroque
547 487 638 550 caput,
653 499 830 552 crassumque
843 488 970 537 cruorem

198 568 254 621 Ore
267 571 432 622 eiectantem
444 570 602 637 mixtosque
615 570 643 621 in
656 571 789 638 sanguine
802 571 906 638 dentes,

197 655 310 709 Ducunt
323 656 358 710 ad
371 656 465 723 navis;
486 655 647 725 galeamque
660 674 807 726 ensemque
820 658 912 710 vocati

197 742 362 811 Accipiunt3
381 742 501 811 palmam
514 742 625 796 Entello
639 749 804 812 taurumque
818 744 986 813 relinquunt.

197 829 250 882 Hic
263 829 359 896 victor,
375 846 509 898 superans
521 831 619 883 animis
632 835 766 899 tauroque
785 831 933 900 superbus:

198 915 297 969 “Nate
310 915 369 983 dea,
383 933 488 986 vosque
500 916 569 970 haec
580 917 596 944 ’'
609 918 700 986 inquit
715 920 731 948 ‘⁸
741 918 906 986 cognoscite,
921 919 1027 988 Teucri,

196 1001 233 1055 Et
244 1003 313 1056 mihi
326 1021 394 1073 quae
407 1003 511 1057 fuerint
523 1004 644 1058 iuvenali
656 1004 686 1058 in
699 1021 816 1074 corpore
830 1005 909 1072 vires,

196 1089 233 1144 Et
246 1107 300 1159 qua
312 1091 427 1146 servetis
441 1097 600 1145 revocatum
615 1108 631 1144 a
643 1102 734 1146 morte
747 1092 879 1147 Dareta.”

196 1177 284 1243 Dixit,
299 1184 327 1233 et
340 1179 448 1233 adversi
462 1185 560 1233 contra
573 1179 651 1232 stetit
663 1196 711 1233 ora
723 1181 840 1247 iuvenci,

197 1267 251 1332 Qui
263 1268 366 1320 donum
380 1267 489 1321 astabat
500 1283 615 1335 pugnae,
630 1266 767 1336 durosque
784 1268 899 1322 reducta

196 1354 320 1408 Libravit
329 1354 426 1408 dext-ra
439 1353 531 1408 media
543 1353 617 1407 inter
629 1370 734 1408 cornua
745 1363 861 1421 caestus,
945 1389 947 1396 ·

196 1441 315 1509 Arduus,
331 1442 499 1510 effractoque
513 1440 601 1494 inlisit
616 1442 645 1493 in
659 1458 720 1495 ossa
733 1442 855 1496 cerebro.

197 1528 336 1582 Sternitur
349 1529 541 1598 exanimisque
554 1534 676 1582 tremens
689 1529 848 1598 procumbit
859 1530 936 1584 humi
949 1531 1009 1586 bos.

196 1615 247 1668 llle
260 1631 341 1684 super
354 1615 417 1668 talis
430 1616 548 1669 effundit
560 1622 672 1684 pectore
685 1633 783 1670 voces:

199 1703 215 1731 “
227 1701 305 1755 llanc
317 1702 375 1771 tibi,
389 1701 474 1770 Eryx,
489 1703 633 1757 meliorem
647 1703 766 1758 animam
779 1721 830 1774 pro
843 1709 934 1758 morte
946 1705 1057 1759 Daretis

196 1788 342 1856 Persolvo;
363 1789 407 1843 hic
416 1790 505 1844 victor
519 1798 627 1845 caestus
640 1797 785 1862 artemque
798 1792 932 1862 repono.’'

232 1875 363 1929 Protinus
375 1877 484 1932 Aeneas
497 1878 578 1932 celeri
592 1885 698 1933 certare
709 1881 809 1949 sagitta

197 1966 302 2022 Invitat
314 1968 362 2037 qui
374 1967 446 2020 forte
458 1969 552 2035 velint,
567 1977 595 2024 et
608 1971 732 2038 praemia
744 1971 831 2040 ponit,

196 2053 360 2124 Ingentique
372 2073 456 2110 mann
468 2056 571 2110 malum
584 2057 619 2110 de
631 2073 702 2112 nave
715 2057 817 2112 Seresti

194 2143 294 2212 Erigit,
309 2149 337 2197 et
348 2145 490 2198 volucrem
502 2145 618 2200 traiecto
631 2146 658 2199 in
672 2147 737 2202 fune
750 2149 914 2212 columbam,

197 2230 259 2295 Quo
272 2231 388 2285 tendant
400 2232 512 2300 ferrum,
527 2232 600 2286 malo
613 2235 755 2302 suspendit
768 2236 802 2289 ab
815 2235 879 2289 alto.

197 2318 359 2372 Convenere
372 2320 433 2388 viri,
448 2321 637 2391 deiectamque
656 2339 736 2376 aerea
748 2330 850 2376 sortem

196 2405 314 2474 Accepit
327 2408 420 2475 galea3
441 2413 468 2462 et
480 2410 586 2477 primus
598 2410 718 2464 clamore
731 2411 851 2464 secundo

196 2492 364 2559 Hyrtacidae
378 2503 442 2548 ante
456 2497 545 2549 omnis
558 2497 616 2549 exit
628 2496 704 2550 locus
719 2497 936 2568 hippocoontis;

197 2578 284 2643 Quem
297 2580 382 2634 modo
394 2583 486 2636 navali
499 2582 660 2636 Mnestheus
672 2585 824 2637 certamine
837 2585 926 2638 victor

197 2666 388 2736 Consequitur,
404 2670 486 2722 viridi
499 2670 660 2723 Mnestheus
673 2671 797 2724 evinctus
815 2671 896 2726 oliva.

196 2753 304 2808 'lentius
317 2755 461 2824 Eurytion,
477 2761 549 2823 tuus,
565 2775 581 2810 o
595 2757 752 2825 clarissime,
767 2759 860 2827 frater,

196 2839 328 2909 Pandare,
344 2843 390 2911 qui
404 2843 550 2912 quondam,
565 2845 654 2898 iussus
667 2845 835 2899 confundere
847 2846 955 2915 foedus,

195 2928 226 2980 ln
241 2930 347 2984 medios
360 2930 445 2982 telum
458 2931 563 2984 torsisti
578 2933 683 3000 primus
696 2932 826 2986 Achivos.

195 3015 343 3070 Extremus
356 3017 487 3086 galeaque
499 3017 555 3071 ima
568 3019 692 3072 subsedit
702 3019 825 3087 Acestes,

196 3102 288 3156 Ausus
301 3109 328 3156 et
341 3104 398 3172 ipse
411 3121 494 3159 manu
508 3104 638 3158 iuvenum
651 3110 788 3174 temptare
800 3107 932 3162 laborem.

196 3188 265 3241 Tum
278 3190 375 3244 validis
387 3191 474 3244 flexos
486 3192 634 3246 incurvant
649 3193 753 3246 viribus
766 3211 844 3247 arcus

195 3275 250 3328 Pro
264 3291 292 3328 se
306 3277 418 3345 quisque
431 3279 490 3346 viri,
506 3285 535 3332 et
547 3279 715 3346 depromunt
728 3280 783 3334 tela
797 3281 942 3349 pharetris.

195 3361 342 3430 Primaque
354 3380 403 3431 per
416 3365 521 3417 caelum
535 3381 623 3418 nervo
636 3365 770 3420 stridente
784 3369 885 3436 sagitta

195 3446 364 3514 Hyrtacidae
376 3450 483 3502 iuvenis
496 3451 615 3504 volucris
628 3451 786 3507 diverberat
800 3472 895 3523 auras3

196 3533 232 3585 Et
244 3534 328 3600 venit,
343 3534 506 3604 adversique
518 3537 641 3604 infigitur
654 3539 752 3592 arbore
764 3541 837 3596 mali.
