2730 3936
445 241 584 290 VERGlLl
608 239 797 288 anoualdus
819 237 867 288 111.

137 406 266 476 Spiritus,
279 404 422 459 interdum
435 403 539 472 gemitu
551 403 650 470 gravis,
665 403 775 470 imaque
787 400 871 469 longo

137 493 190 548 ilia
202 492 326 561 singultu
339 491 466 560 tendunt,
479 490 502 544 it
514 489 625 544 naribus
637 493 698 542 ater

138 578 267 648 Sanguis,
281 583 311 632 et
323 578 449 632 obsessas
460 578 555 631 fauoes
567 577 669 645 premit
682 591 781 644 aspere
792 575 895 643 lingua.

139 667 253 719 Profuit
265 667 371 719 inserto
383 664 479 718 latiees
493 663 640 717 infundere
653 679 740 716 eorou

140 754 282 818 Lenaeos3
303 769 336 806 ea
348 752 407 806 visa
420 751 492 805 salus
505 751 687 804 morientibus
698 767 767 816 una3

140 841 209 893 Mox
222 846 281 894 erat
292 840 347 893 hoe
358 840 449 908 ipsum
462 839 554 906 exitio,
566 838 700 908 furiisque
714 837 810 892 refeeti

140 928 296 995 Ardebant,
310 928 417 996 ipsique
430 943 495 980 snos
506 926 561 980 iam
574 931 665 980 morte
678 926 728 979 sub
740 940 858 993 aegra-

141 1017 178 1068 Di
193 1015 308 1069 meliora
320 1015 373 1083 piis
386 1029 563 1083 erroremque
574 1012 701 1068 hostibus
713 1013 791 1066 illurn
800 1014 845 1066 l·-

141 1103 280 1156 Disoissos
291 1101 372 1155 nudis
384 1100 525 1156 laniabant
537 1099 667 1154 dentibus
679 1106 762 1153 artus

140 1191 215 1244 Eece
228 1195 319 1242 autem
332 1189 401 1242 duro
412 1188 525 1242 turbans
537 1189 588 1241 sub
599 1203 712 1241 vomere
726 1195 821 1240 taurus

141 1275 276 1331 Ooneidit
285 1282 313 1330 et
324 1276 440 1329 mixtum
455 1275 559 1344 spumis
570 1274 659 1328 vomit
670 1290 718 1328 ore
732 1289 858 1328 eruorem

141 1365 345 1432 Extremosque
358 1364 412 1418 eiet
424 1363 549 1432 gemitus
587 1361 614 1416 It
626 1361 715 1416 tristis
726 1367 826 1429 arator,

142 1451 313 1506 Maerentem
327 1451 479 1520 abiungens
490 1450 613 1504 fraterna
624 1455 714 1503 morte
729 1447 885 1516 iuvencum,

142 1539 239 1607 Atque
252 1555 334 1607 opere
346 1537 375 1590 in
387 1537 479 1592 medio
491 1537 583 1592 defixa
594 1538 725 1608 relinquit
738 1544 837 1592 aratra.

141 1626 209 1679 Non
221 1626 337 1680 umbrae
349 1625 468 1680 altorum
480 1641 633 1693 nemorum,
647 1643 704 1679 non
717 1626 812 1679 mollia
825 1629 944 1695 possunt

141 1712 230 1767 Prata
241 1728 352 1766 movere
365 1712 496 1777 animum,
510 1729 574 1776 non,
589 1712 635 1782 qui
648 1729 697 1780 per
709 1729 775 1767 saxa
787 1711 899 1766 volutus

141 1800 244 1853 Purior
253 1800 356 1854 electro
368 1816 495 1868 eampum
508 1801 580 1868 petit
591 1800 694 1867 amnis;
715 1801 813 1854 etima

141 1887 295 1942 Solvuntur
306 1887 402 1955 latera,
416 1892 498 1955 atque
511 1887 607 1940 oeulos
619 1893 714 1956 stupor
726 1893 807 1956 urget
817 1889 922 1957 inertis,

142 1975 190 2028 Ad
203 1981 359 2044 terramque
371 1973 434 2027 fluit
445 1974 554 2028 devexo
565 1974 688 2042 pondere
698 1976 800 2030 eervix.

142 2062 220 2127 Quid
231 2061 309 2115 labor
321 2068 370 2115 aut
382 2061 527 2115 beuelaeta
538 2061 653 2115 iuvantl
672 2061 737 2130 quid
750 2079 862 2117 vomere
875 2069 964 2117 terras

142 2147 295 2200 Invertisse
305 2145 416 2214 gravisi
436 2146 512 2214 atqui
525 2162 583 2200 non
595 2145 710 2201 Massiua
730 2147 830 2202 Beeehi

142 2234 266 2302 Munera,
281 2249 337 2287 non
350 2233 405 2287 illis
416 2233 513 2303 epulae
526 2249 644 2288 nocuere
656 2241 798 2304 repostae:

142 2321 301 2375 Frondibus
315 2326 343 2375 et
356 2321 431 2374 vietu
444 2327 595 2389 pascuntur
607 2322 738 2391 simplicis
751 2323 860 2392 herbae,

142 2409 249 2463 Pocula
261 2413 326 2461 sunt
338 2407 430 2462 fontes
441 2408 538 2477 liquidi
551 2413 635 2477 atque
648 2411 770 2465 exercita
782 2427 864 2465 eursu

142 2497 279 2564 Flumina,
294 2512 345 2550 nee
357 2513 468 2550 somnos
481 2497 621 2565 abrumpit
634 2514 700 2552 eura
712 2499 836 2554 salubris

143 2584 279 2652 Tempore
289 2599 346 2636 non
359 2582 414 2636 alio
426 2582 524 2636 dieunt
537 2583 696 2651 regionibus
708 2585 761 2638 illis

144 2671 289 2736 Quaesitae
301 2670 335 2723 ad
349 2687 426 2724 saera
438 2669 522 2724 boves
535 2669 657 2739 Iunonis,
673 2677 701 2726 et
713 2673 771 2726 uris

143 2757 299 2827 lmparibus
311 2757 410 2810 duetos
422 2757 479 2811 alta
491 2757 525 2811 ad
538 2757 654 2814 donaria
667 2776 772 2814 eurrus,

143 2841 217 2912 Ergo
228 2860 310 2912 aegre
323 2844 418 2897 rastris
430 2853 532 2898 terram
547 2846 691 2913 rimantur,
706 2856 733 2900 et
745 2847 812 2916 ipsis

145 2933 289 3000 Unguibus
302 2932 443 2986 infodiunt
454 2933 553 3001 fruges,
569 2934 725 3004 montisque
737 2952 788 3005 per
800 2935 871 2991 altos

145 3019 285 3073 Contenta
296 3019 404 3074 eerviee
416 3020 534 3074 trabunt
546 3020 692 3075 stridentia
704 3023 833 3090 plaustra.

146 3106 169 3158 N
172 3124 208 3160 on
219 3107 302 3176 lupus
314 3107 427 3161 insidias
440 3108 566 3176 explorat
578 3109 663 3164 ovilia
675 3109 785 3179 eireum,

145 3193 170 3246 N
171 3211 201 3248 ee
213 3195 344 3264 gregibus
357 3200 509 3249 nocturnus
521 3196 805 3252 obambulat-aerior
815 3198 891 3251 illum

145 3281 216 3337 Oura
228 3282 451 3336 domat-timidi
465 3283 591 3338 dammae
604 3285 733 3353 eervique
746 3286 857 3353 fugaees

145 3367 170 3420 N
170 3387 224 3424 une
236 3371 366 3438 interque
379 3386 461 3424 eanes
473 3375 502 3423 et
514 3371 617 3424 oireum
630 3377 705 3426 teeta
718 3383 860 3440 vagantur.

144 3455 198 3511 Iam
212 3458 296 3512 maris
309 3457 436 3510 immensi
449 3457 555 3524 prolem
569 3464 597 3512 et
610 3476 696 3527 genus
709 3476 790 3513 omne
803 3466 948 3514 natantum

144 3542 234 3598 Litore
246 3546 275 3598 in
289 3549 424 3612 extremo,
439 3560 490 3596 eeu
502 3545 635 3614 naufraga
647 3563 772 3615 corpora,
787 3547 887 3599 fluetus
