2734 3936
339 953 348 968 .
446 896 474 962 P.
488 894 627 964 Vlllldlll
646 895 797 965 lllROlllS

336 1063 376 1140 G
405 1064 441 1137 Ε
472 1061 508 1138 O
539 1062 579 1137 R
608 1062 646 1139 G
676 1063 697 1136 Ι
727 1062 761 1138 O
793 1060 829 1138 O
859 1062 905 1140 N

443 1241 578 1304 umus
605 1240 806 1303 ussurus

104 1535 143 1589 Te
156 1551 274 1604 quoque,
288 1550 390 1602 magna
402 1532 488 1602 Pales,
504 1538 533 1587 et
544 1539 573 1587 te
585 1533 762 1588 memorande
775 1548 906 1587 canemus

104 1623 206 1676 Pastor
218 1623 252 1676 ab
266 1621 434 1690 Amphryso,
449 1638 506 1688 vos,
521 1622 605 1675 silvae
619 1638 767 1689 amnesque
779 1620 887 1686 Lycaei.

104 1708 215 1776 Cetera,
231 1726 300 1778 queo
312 1725 415 1762 vacuas
427 1709 581 1763 tenuissent
594 1710 714 1763 camnine
727 1713 842 1775 mentes,

105 1797 209 1850 Omnia
221 1797 275 1849 iam
289 1795 415 1862 volgata:
436 1795 495 1863 quis
508 1802 555 1850 aut
567 1796 726 1863 Eurysthea
737 1796 845 1863 durum,

106 1883 166 1936 Aut
179 1882 313 1936 inlaudati
326 1882 415 1934 nescit
427 1881 562 1936 Busiridis
575 1885 652 1937 arasl

105 1971 159 2024 (lui
172 1987 229 2023 non
242 1969 332 2023 dictus
345 1969 432 2036 Hylas
443 1985 513 2038 puer
525 1975 553 2024 et
565 1971 683 2026 Latonia
695 1971 786 2037 Delos,

105 2057 345 2128 Hippodameque,
361 2075 511 2128 umeroque
523 2058 624 2126 Pelops
636 2058 750 2126 insignis
762 2052 875 2125 eburno,

106 2146 184 2200 Acer
197 2146 290 2214 equisl
312 2146 486 2214 Temptanda
498 2148 544 2201 via
557 2155 605 2216 est,
621 2165 674 2218 qua
686 2165 731 2201 me
743 2163 851 2216 quoque
864 2146 966 2214 possim

105 2233 216 2287 Tollere
229 2233 312 2287 humo
327 2233 474 2302 victorque
487 2235 576 2288 virum
590 2235 707 2290 volitare
719 2251 769 2303 per
781 2249 840 2288 ore.

105 2320 218 2374 Primus
234 2336 284 2388 ego
295 2320 326 2373 in
338 2321 455 2387 patriam
469 2337 587 2387 mecum,
601 2322 685 2376 modo
699 2322 755 2376 vita
767 2320 893 2389 supersit,

106 2411 201 2463 Aonio
213 2410 322 2465 rediens
335 2411 467 2466 deducam
481 2411 703 2477 vennehusen

105 2496 218 2551 Primus
231 2497 373 2552 Idumaeas
385 2500 502 2553 referam
515 2499 573 2566 tibi,
587 2498 710 2566 Mantua,
724 2497 843 2566 palmas3

105 2583 143 2638 Et
157 2585 240 2638 viridi
251 2585 281 2638 in
293 2602 390 2655 campo
401 2586 535 2652 templum
549 2586 583 2638 de
595 2603 732 2640 marmore
744 2601 846 2654 ponem

105 2671 229 2741 Propter
241 2689 344 2741 aquam,
358 2673 446 2726 turdis
458 2673 556 2742 iugens
568 2674 615 2726 ubi
627 2673 743 2726 flexibus
755 2676 829 2726 errat

105 2759 227 2814 Mincius
240 2765 267 2813 et
280 2766 375 2814 tenere
387 2761 524 2829 praetexit
536 2760 692 2814 harundine
703 2761 786 2828 ripas.

106 2848 139 2901 ln
152 2846 245 2900 medio
258 2846 326 2900 mihi
339 2845 442 2900 Caesar
455 2841 516 2915 erit,
530 2847 718 2916 templumque
731 2846 851 2900 tenebit:

106 2935 151 2988 llli
165 2935 255 2988 victor
268 2951 318 3002 ego
331 2940 359 2987 et
372 2933 456 3000 Tyrio
469 2939 632 3002 conspectus
644 2935 673 2986 in
687 2941 763 2987 ostro

107 3023 226 3076 Centum
240 3021 416 3090 quadriiugos
430 3021 541 3089 agitabo
554 3021 588 3074 ud
601 3021 715 3074 flumina
727 3038 830 3075 currus.

107 3111 215 3164 Ouneta
227 3110 303 3178 mihi,
320 3109 457 3176 Alpheum
470 3109 596 3177 linquens
608 3106 738 3177 lucosque
750 3107 894 3177 Molorchi,

12 3237 13 3244 1
106 3197 238 3251 Cursibus
250 3202 278 3250 et
290 3195 377 3250 crudo
390 3195 520 3248 decernet
534 3195 649 3249 Graecia
661 3201 762 3249 caestu.

105 3283 175 3354 Ipse,
190 3289 274 3354 caput
287 3289 384 3356 tonsae
397 3283 471 3335 foliis
485 3289 597 3337 omatus
611 3283 706 3350 olivae,

104 3372 186 3426 Dona
197 3373 293 3426 feram.
333 3371 391 3423 Iam
405 3387 479 3422 nunc
491 3371 632 3423 sollemnis
645 3371 744 3423 ducere
757 3364 872 3439 pompus

105 3459 150 3511 Ad
163 3459 277 3513 delubra
290 3459 368 3510 iuvat
381 3473 529 3524 caesosque
542 3457 635 3510 videre
648 3458 794 3524 iuvencos3

104 3546 156 3602 Vel
170 3566 270 3603 scaena
282 3550 315 3600 ut
328 3545 416 3599 versis
428 3543 552 3598 discedat
565 3545 709 3613 frontibus,
723 3550 808 3613 utque
