2730 3936
493 226 632 276 vanum
655 226 844 276 eucnemon
867 227 913 276 111.

191 386 260 440 Dira
271 403 322 455 per
333 388 474 442 incautum
487 393 600 457 serpant
612 389 739 457 contagia
752 389 856 457 volgus.

191 472 218 526 N
221 490 257 526 on
269 478 327 527 tam
341 476 437 528 creber
449 491 533 543 agens
546 475 664 529 hiemem
676 477 734 529 ruit
745 493 864 545 aequore
877 477 968 544 turbe,

192 559 282 624 Quam
295 561 398 614 multae
410 561 547 629 pecudum
560 567 661 630 pestes.
698 561 726 616 N
726 579 758 616 ec
771 563 879 631 singule
890 563 981 616 morbi

191 646 315 714 Corpora
327 647 488 716 corripiunt,
503 648 551 701 sed
563 655 624 702 tota
636 649 741 702 aestiva
752 655 875 719 repente,

191 733 328 804 Spemque
340 751 506 804 gregemque
518 736 608 803 simul,
623 742 805 806 structamque
818 738 852 790 ab
865 737 972 806 origine
984 742 1104 805 gentem.

190 820 259 873 Turn
273 822 349 890 sciat,
365 823 452 876 aerias
464 822 551 890 Alpes
564 829 592 876 et
605 822 709 877 Norica
722 824 744 876 si
757 824 817 892 quis

191 907 310 977 Castella
321 908 350 962 in
363 909 477 962 tumulis
490 916 518 964 et
530 909 643 978 Iapydis
654 927 721 965 arva
734 911 840 964 Timavi

190 993 273 1048 Nunc
285 1013 394 1065 quoque
406 1003 470 1065 post
481 1002 562 1052 tanto
576 997 668 1051 videat
681 997 844 1067 desertaque
856 1016 944 1068 regna

190 1081 335 1136 Pastorum
349 1090 377 1137 et
389 1083 471 1153 longe
485 1085 571 1138 saltus
583 1085 693 1154 lateque
707 1087 839 1141 vacantis.

226 1169 278 1222 Hic
292 1171 430 1238 quondam
443 1173 542 1226 morbo
555 1173 623 1226 caeli
636 1173 791 1228 miseranda
803 1180 899 1228 coorta
911 1179 955 1227 est

191 1257 349 1325 Tempestas
362 1263 476 1327 totoque
489 1260 616 1312 autumni
629 1260 773 1314 incanduit
786 1267 871 1328 aestu,

123 1365 125 1370 ·
190 1344 227 1397 Et
239 1362 325 1412 genus
338 1362 419 1399 omne
432 1348 492 1400 neci
508 1347 642 1416 pecudum
656 1348 740 1415 dedit,
756 1365 837 1402 omne
851 1350 979 1417 ferarum,

191 1431 375 1500 Corrupitque
387 1433 471 1500 lacus,
485 1434 581 1488 infecit
594 1435 695 1503 pabula
705 1436 782 1490 tabo.

190 1517 217 1570 N
219 1535 250 1570 eo
263 1519 308 1572 via
320 1520 417 1572 mortis
430 1526 490 1575 erat
503 1522 633 1591 simplex;
654 1523 703 1576 sed
715 1524 763 1577 ubi
775 1525 857 1591 ignea
869 1524 947 1577 venis

191 1606 327 1660 Omnibus
339 1613 400 1661 acta
413 1609 473 1661 sitis
484 1611 599 1664 miseras
610 1611 763 1666 adduxerat
776 1619 859 1679 artus,

190 1692 297 1747 Rursus
309 1695 466 1750 abundabat
478 1697 578 1750 fluidus
589 1698 681 1766 liquor
695 1700 842 1767 omniaque
856 1700 884 1751 in
897 1716 927 1752 ae

191 1780 260 1834 Ossa
271 1782 429 1837 minutatim
444 1785 542 1840 morbo
555 1785 685 1854 conlapsa
696 1786 833 1840 trahebat

190 1866 279 1936 Saepe
289 1869 319 1922 in
331 1869 439 1926 bonore
451 1873 534 1926 deum
545 1873 638 1927 medio
651 1879 728 1927 stans
739 1873 831 1926 hostia
843 1873 877 1927 ad
891 1889 977 1941 ararn,

190 1954 283 2010 Lanea
295 1957 359 2010 dum
373 1960 455 2014 nivea
468 1961 655 2015 circumdatur
667 1960 756 2014 infula
768 1961 847 2028 vitta,

190 2042 269 2097 Inter
281 2047 439 2100 cunctantis
452 2048 552 2102 cecidit
564 2047 730 2102 moribunda
742 2047 893 2100 ministros

190 2131 251 2185 Ant
262 2133 285 2185 si
297 2150 379 2202 quarn
393 2136 465 2188 terro
477 2140 648 2188 mactaverat
660 2140 725 2188 ante
738 2134 874 2202 sacerdos,

190 2217 260 2272 Inde
271 2237 361 2289 neque
373 2222 512 2290 impositis
524 2222 622 2275 ardent
635 2222 733 2276 altaria
744 2221 829 2289 fibris,

190 2301 217 2354 N
219 2321 250 2357 ec
264 2322 396 2374 responsa
408 2312 499 2375 potest
512 2307 654 2360 consultus
666 2305 782 2359 reddere
794 2311 883 2373 vates,

190 2391 233 2444 Ac
247 2391 292 2444 vix
306 2394 439 2461 suppositi
454 2394 598 2462 tinguntur
611 2394 743 2461 sanguine
755 2393 838 2446 cultri

190 2474 358 2546 Summaque
370 2479 462 2532 ieiuna
474 2480 551 2534 sanie
565 2480 720 2533 infuscatur
731 2479 843 2532 harena.

190 2562 263 2616 Hinc
276 2564 356 2617 laetis
370 2566 448 2618 vituli
461 2566 545 2633 volgo
558 2567 714 2619 moriuntur
727 2566 757 2619 in
770 2566 871 2633 herbis,

189 2649 227 2704 Et
237 2650 325 2704 dulcis
337 2653 443 2706 animas
454 2652 535 2722 plena
547 2653 581 2706 ad
594 2654 753 2721 praesaepia
766 2653 900 2720 reddunt;

190 2737 263 2791 Hinc
275 2723 389 2792 ca'nibus
402 2739 509 2794 blandis
521 2742 612 2794 rabies
624 2743 708 2809 venit,
724 2747 751 2794 et
763 2742 853 2810 quatit
866 2757 962 2810 aegros

190 2823 283 2878 Tussis
295 2826 394 2880 anhela
407 2844 470 2880 sues
482 2843 513 2880 ac
526 2828 653 2882 faucibus
666 2828 742 2896 angit
755 2829 853 2882 obesis.

190 2911 304 2966 Labitur
316 2914 413 2967 infelix
426 2914 578 2967 studiorum
593 2921 675 2984 atque
688 2917 835 2970 immemor
847 2916 950 2970 herbae

190 2998 290 3054 Victor
302 3018 387 3070 equus
399 3001 539 3070 fontisque
552 3004 687 3056 avertitur
699 3008 728 3056 et
740 3003 810 3071 pede
823 3009 925 3056 terram

191 3086 294 3141 Crebra
306 3089 387 3152 ferit;
406 3088 540 3142 demissae
552 3106 639 3155 aures,
653 3090 776 3144 incertus
787 3089 890 3143 ibidem

190 3172 287 3240 Sudor,
303 3181 331 3228 et
342 3176 388 3230 ille
402 3175 513 3244 quidem
526 3176 667 3230 morituris
679 3177 809 3244 frigidus;
830 3181 890 3230 aret

190 3261 274 3315 Pellis
287 3269 315 3314 et
327 3262 362 3316 ad
375 3268 480 3316 tactum
494 3264 624 3318 tractanti
636 3263 705 3316 dura
718 3264 829 3317 resistit.

191 3348 267 3401 Haec
281 3354 344 3402 ante
357 3350 473 3402 exitium
487 3350 582 3418 primis
594 3350 662 3404 dant
675 3351 752 3418 signa
764 3351 876 3418 diebus;

191 3435 282 3488 Sinin
295 3452 424 3504 processu
438 3436 530 3504 coepit
542 3437 702 3491 crudescere
714 3438 835 3507 morbus,

191 3522 260 3570 ‘an
275 3539 340 3576 vero
354 3522 483 3576 ardentes
496 3523 567 3576 oculi
580 3529 662 3593 atque
675 3531 809 3580 attractus
821 3526 856 3580 ab
869 3525 926 3580 alto
