2706 3938
519 213 657 263 VERGILI
680 211 844 261 AENEIDOS
866 210 897 259 V.

201 383 347 437 Proximus
358 381 433 449 huic,
448 380 532 446 longo
542 377 589 430 sed
604 375 746 445 proximus
759 371 915 440 intervallo,

202 469 358 538 Insequitur
369 467 474 530 Salius3
496 464 586 533 spatio
599 468 662 532 post
675 460 776 515 deinde
789 460 887 514 relicto

201 557 309 610 Tertius
321 554 457 621 Euryalus
467 572 474 619 ;

201 644 406 712 Euryalumque
419 641 554 707 Helymus
568 637 708 707 sequitur;
730 652 784 705 quo
800 635 900 688 deinde
917 636 968 688 sub
980 636 1042 704 ipso

202 732 274 785 Ecce
286 730 362 783 volat
374 729 532 796 calcemque
545 726 612 780 terit
625 725 680 778 ium
694 723 767 777 calce
780 722 886 791 Diores,

202 819 367 871 Incumbens
380 832 492 881 umero,
513 814 603 882 spatia
615 817 643 866 et
656 812 678 865 si
692 811 771 880 plura
783 811 929 879 supersint,

202 905 334 957 Transeat
347 903 454 971 elapsus
466 901 551 970 prior,
566 899 759 968 ambiguumve
772 897 917 966 relinquat.

203 990 314 1060 Iamque
326 991 386 1044 fere
399 989 488 1057 spatio
501 994 625 1041 extremo
641 987 760 1053 fessique
773 986 823 1038 sub
837 985 923 1052 ipsam

203 1079 298 1133 Finem
312 1077 505 1144 adventabant,
520 1076 575 1129 levi
588 1091 651 1128 cum
664 1073 796 1141 sanguine
810 1071 893 1124 Nisus

202 1166 317 1220 Labitur
329 1165 433 1232 infelirr,
448 1165 534 1217 caesis
547 1168 579 1216 ut
591 1162 664 1215 forte
680 1160 801 1213 iuvencis

203 1254 290 1307 Fusus
304 1254 417 1306 humum
429 1252 581 1320 viridisque
595 1265 676 1317 super
692 1247 875 1301 madefecerat
887 1246 997 1300 herbas.

203 1341 256 1394 Hic
269 1342 376 1394 iuvenis
387 1343 443 1394 iam
459 1340 545 1392 victor
560 1353 645 1391 ovans
659 1335 777 1402 vestigia
789 1349 884 1402 presso

203 1427 285 1481 Haud
297 1429 387 1502 tenuit
399 1428 519 1480 titubata
531 1426 596 1490 so10,
612 1423 659 1477 sed
674 1438 778 1491 pronus
790 1422 819 1474 in
832 1422 892 1488 ipso

204 1513 332 1567 Concidit
347 1515 542 1582 immundoque
557 1514 620 1566 fimo
634 1527 765 1580 sacroque
781 1525 887 1562 cruore.

203 1600 268 1654 Non
281 1606 374 1655 tamen
386 1601 506 1668 Euryali,
522 1617 576 1652 non
591 1600 637 1653 ille
651 1599 752 1652 oblitus
768 1613 908 1650 amorum:

204 1687 276 1740 Nam
289 1704 349 1740 sese
361 1688 489 1755 opposuit
502 1687 575 1740 Solio
589 1703 637 1754 per
651 1685 758 1738 lubrica
772 1699 900 1750 surgens3

205 1776 254 1829 llle
268 1781 360 1829 autem
373 1776 459 1844 spissa
471 1775 554 1828 iacuit
568 1773 710 1827 revolutus
724 1773 835 1826 harena.

204 1863 313 1917 Eminet
324 1863 468 1930 Euryalus
483 1869 510 1915 et
520 1877 634 1914 munere
648 1862 738 1914 victor
751 1859 831 1912 amici

204 1950 298 2004 Prima
309 1955 394 2018 tenet,
409 1951 559 2018 plausuque
572 1948 647 2002 volat
659 1948 825 2016 fremituque
843 1949 973 2002 secundo.

204 2039 272 2092 Post
285 2038 418 2103 Helymus
430 2037 512 2104 subit,
528 2045 556 2089 st
569 2053 643 2089 nunc
657 2036 740 2088 tertia
760 2035 852 2104 palma
864 2035 971 2089 Diores.

205 2127 257 2178 llic
270 2131 360 2178 totum
374 2142 473 2178 caveae
486 2141 644 2177 consessum
660 2124 778 2191 ingentis
791 2129 818 2177 et
836 2141 885 2177 ora

204 2212 298 2265 Prima
310 2218 422 2280 patrum
433 2212 540 2279 magnis
553 2211 641 2264 Salius
653 2211 820 2264 clamoribus
833 2211 936 2280 implet,

204 2300 392 2369 Ereptumque
405 2300 469 2352 dolo
483 2299 561 2352 reddi
575 2299 627 2352 sibi
640 2301 730 2366 poscit
742 2299 882 2353 honorem.

205 2388 321 2441 Tutatur
334 2388 413 2440 favor
425 2386 583 2452 Euryalum,
599 2386 782 2455 lacrimaeque
795 2387 920 2455 decorae,

206 2475 319 2527 Gratior
332 2479 359 2527 et
369 2474 484 2542 pulchro
495 2474 607 2526 veniens
618 2473 647 2524 in
660 2490 776 2542 corpore
789 2474 885 2527 virtus.

206 2561 329 2614 Adiuvat
341 2566 369 2614 et
381 2577 480 2628 magna
492 2560 646 2628 proclamat
661 2577 729 2614 voce
744 2561 850 2628 Diores,

206 2648 260 2713 Qui
273 2648 357 2700 subiit
369 2648 484 2715 palmae,
498 2648 654 2716 frustraque
670 2648 703 2701 ad
716 2649 841 2716 praemia
851 2647 929 2700 venit

206 2735 317 2802 Ultima,
331 2735 353 2787 si
366 2736 448 2803 primi
463 2734 537 2788 Salio
549 2735 700 2788 redduntur
714 2735 842 2788 honores.

206 2823 274 2875 Tum
287 2835 367 2890 pater
381 2823 488 2876 Aeneas
502 2821 629 2875 “Vestra
639 2821 654 2848 ’'
667 2822 758 2890 inquit
770 2824 909 2874 “munera
922 2821 1000 2874 vobis
1065 2835 1080 2850 ·

206 2911 289 2964 Certa
301 2915 421 2977 manent,
437 2909 521 2978 pueri,
537 2915 564 2963 et
577 2910 695 2976 palmam
709 2915 804 2962 movet
817 2909 913 2962 ordine
925 2925 1023 2974 nemo,

206 2998 248 3051 Me
261 2997 344 3050 liccat
356 3014 434 3050 casus
447 2997 570 3049 miserari
585 2997 703 3049 insontis
716 2996 824 3050 aurici.''

206 3085 249 3138 Sic
261 3086 335 3138 fatus
347 3089 454 3152 tergum
470 3083 582 3138 Gaetuli
595 3083 716 3137 immane
730 3084 817 3136 leonis

205 3172 261 3225 Dat
275 3172 357 3234 Salio,
374 3172 442 3225 villis
456 3187 602 3225 onerosum
617 3177 699 3239 atque
713 3172 851 3238 unguibus
864 3171 963 3224 aureis.

206 3258 259 3311 llio
271 3257 355 3310 Nisus
370 3259 423 3311 “Si
436 3265 515 3312 tanta
524 3257 539 3284 ’'
553 3258 643 3326 inquit
657 3259 673 3286 “
684 3263 748 3311 sunt
761 3258 884 3327 praemia
898 3257 985 3324 victis,

206 3345 243 3397 Et
254 3351 282 3398 te
295 3345 434 3412 lapsorum
448 3345 567 3411 miseret,
584 3361 653 3412 qune
667 3361 779 3398 munera
795 3344 863 3398 Niso

206 3432 298 3500 Digna
310 3431 407 3484 dabisl
427 3432 543 3498 primam
558 3432 645 3484 merui
658 3432 703 3498 qui
717 3432 799 3486 lande
809 3447 948 3497 coronam,

207 3517 244 3570 Ni
257 3534 309 3585 me,
325 3534 393 3585 quae
406 3517 517 3584 Salium,
532 3518 644 3570 fortuna
657 3518 768 3572 inimica
780 3519 915 3572 tulisset.’‘
