2734 3936
531 249 669 300 VIIRGILI
691 249 821 300 ECLOGA
843 250 888 301 lx

200 407 297 462 Vatem
311 414 453 476 pastores,
475 410 592 464 sednon
606 427 656 479 ego
670 411 798 465 credulus
811 411 872 465 illis.

196 493 267 548 Nam
281 511 370 564 neque
383 496 474 551 adhue
487 496 575 552 Vario
588 499 692 566 videor,
707 516 758 554 neo
770 499 861 552 dicere
874 499 964 553 Oinna
1185 502 1221 555 35

196 581 293 650 Digna,
309 582 356 636 sed
370 588 482 652 argutos
494 584 568 638 inter
581 592 704 654 strepere
717 603 797 639 anser
811 586 909 640 olores.

195 668 267 722 Men.
288 669 321 722 Id
335 669 446 738 quidem
459 687 510 738 ago
524 677 552 724 et
564 673 672 740 tacitus,
687 672 798 740 Lycida,
812 689 919 727 mecum
933 673 992 742 ipse
1005 673 1108 742 volut0,

195 755 224 808 Si
239 757 342 810 valeam
354 758 528 825 meminisse;
548 775 638 827 neque
652 764 693 812 est
705 758 828 828 ignobile
842 776 961 814 carmen.

197 842 283 896 “Huc
295 844 368 910 ades,
383 861 399 897 ο
414 844 543 911 Galatea,
565 846 626 913 quis
638 850 681 899 est
693 862 756 898 nem
770 845 851 898 ludus
863 847 892 898 in
905 846 1005 900 unelisl

196 929 247 983 Hic
259 946 308 982 ver
322 947 499 1001 purpureum,
511 932 602 986 varios
615 931 661 986 hic
673 930 786 986 flumina
799 932 903 986 circum

193 1016 295 1069 Fundit
309 1018 409 1071 humus
421 1017 511 1084 flores,
526 1018 573 1072 hie
586 1018 703 1072 candida
716 1019 838 1088 populus
853 1027 935 1074 antro

193 1103 329 1172 Imminet,
345 1109 374 1159 et
385 1105 476 1159 lentae
488 1110 589 1160 texunt
600 1105 762 1160 umbracula
775 1107 861 1159 vites:

194 1191 255 1245 Huc
269 1191 346 1260 ades3
367 1193 456 1246 insani
469 1192 573 1247 feriant
585 1194 644 1246 sine
657 1192 741 1246 litora
753 1191 880 1247 fluctus'’

193 1277 259 1333 ch.
280 1279 360 1345 Quid,
377 1285 487 1348 queste
501 1280 670 1348 purasolum
685 1281 735 1334 sub
750 1285 831 1334 nocte
844 1285 988 1335 canentem

193 1366 363 1420 Audieram?
381 1383 511 1420 numeros
524 1367 645 1435 memini,
660 1368 683 1420 si
696 1368 781 1420 verba
793 1372 925 1422 tenerem.

193 1453 266 1507 Mon.
289 1455 305 1481 “
314 1453 434 1521 Daphni,
449 1454 516 1522 quid
528 1455 658 1524 antiquos
671 1455 810 1523 signorum
819 1455 936 1524 suspicis
949 1457 1046 1510 ortusl

193 1540 264 1593 Ecce
277 1539 394 1594 Dionaei
406 1542 542 1609 processit
556 1541 681 1596 (laeseris
694 1548 807 1610 astrum,

195 1629 318 1694 Astrum,
334 1644 388 1696 quo
402 1637 508 1696 segetes
523 1628 675 1696 gauderent
688 1629 822 1698 frugibus,
838 1635 933 1698 etque

193 1713 315 1767 Duceret
327 1715 428 1783 apricis
441 1715 470 1768 in
483 1715 600 1769 collibus
613 1733 669 1769 uva
681 1716 810 1770 colorem.

193 1801 295 1868 Insere,
310 1801 429 1871 Daphni,
445 1803 533 1871 piros;
555 1808 669 1870 carpent
682 1808 731 1856 tua
745 1819 825 1868 poma
837 1805 982 1871 nepotes.'’

194 1888 294 1942 Omnia
306 1890 360 1944 fert
372 1895 455 1958 aetas,
471 1891 591 1944 anImum
607 1907 730 1958 quoque:
751 1907 832 1959 saepe
845 1908 895 1960 ego
908 1891 1005 1960 longos

194 1977 338 2030 cantando
351 1994 467 2046 puerum
480 1977 594 2031 memini
607 1995 652 2031 me
665 1977 784 2031 condere
796 1978 882 2032 soles:

195 2062 276 2117 Nunc
289 2064 375 2118 oblita
387 2065 457 2117 mihi
470 2071 512 2119 tot
525 2065 662 2132 carmiua3
683 2083 738 2119 vox
751 2083 860 2134 quoque
873 2066 988 2121 Moerim

194 2149 253 2204 lam
266 2151 339 2219 fugit
351 2152 427 2220 ipsa;
448 2151 506 2220 lupi
519 2151 636 2206 Moerim
649 2153 745 2206 videre
758 2153 873 2222 priores.

195 2237 249 2290 Sed
261 2242 354 2290 tamen
367 2239 420 2292 ista
433 2239 499 2292 satis
511 2239 613 2292 referet
625 2239 677 2293 tibi
691 2256 771 2308 saepe
784 2240 930 2297 Menalcas.

194 2324 260 2377 ch.
281 2323 426 2378 Oausando
440 2330 550 2378 nostres
561 2325 590 2379 in
603 2325 717 2393 longum
731 2326 809 2380 ducis
822 2345 937 2383 amores.

193 2411 230 2464 Et
243 2427 315 2464 nuuc
329 2428 410 2465 omne
422 2412 472 2464 tibi
486 2417 604 2465 stratum
617 2413 681 2467 silet
693 2429 805 2482 aequor,
821 2420 850 2468 et
862 2432 966 2485 omnes,

195 2499 303 2565 Aspice,
319 2499 428 2552 ventosi
442 2498 605 2553 ceciderunt
617 2502 768 2553 murmuris
780 2517 870 2555 aurae.

194 2586 267 2638 'Hinc
280 2585 348 2638 adeo
362 2585 451 2638 media
464 2593 506 2638 est
519 2587 601 2640 uobis
613 2587 675 2655 via,
696 2604 815 2656 namque
828 2589 986 2656 sepulcrum

195 2672 294 2740 Incipit
307 2688 440 2740 apparere
454 2671 594 2727 Bianoris:
617 2672 672 2742 hie,
687 2673 734 2727 ubi
747 2674 847 2728 densas
904 2663 907 2669 ’

195 2758 340 2827 Agricolae
353 2759 492 2826 stringunt
504 2760 625 2828 frondes,
639 2761 694 2828 hic,
709 2760 806 2829 Moeri,
821 2778 966 2831 canamus;

196 2847 247 2900 Hic
260 2846 362 2900 haedos
374 2847 490 2915 depone,
505 2853 599 2902 tamen
612 2849 755 2902 veniemus
766 2849 795 2901 in
809 2849 914 2903 urbem.

195 2935 253 2987 Aut
266 2934 296 3002 si,
311 2950 366 2987 uox
379 2934 503 3002 pluviam
515 2951 551 2988 ne
564 2935 678 3004 colligat
690 2941 763 3003 ante,
778 2953 913 3003 veremur,

195 3020 345 3073 Cantantes
357 3020 422 3073 lieet
434 3022 648 3089 usque-minus
662 3022 707 3075 via
721 3021 954 3092 laedit—eamus3

195 3107 346 3160 Cantantes
357 3112 389 3160 ut
399 3124 502 3173 eamus,
518 3125 569 3176 ego
581 3107 634 3161 hoc
646 3113 675 3162 te
688 3109 763 3162 fasce
777 3109 884 3162 levabo

195 3192 268 3245 Mon.
287 3192 389 3246 Desine
403 3194 488 3262 plura,
504 3211 578 3263 puer,
595 3201 630 3262 et,
646 3195 720 3263 quod
733 3211 808 3248 nune
823 3196 914 3260 instat,
931 3212 1058 3266 agamus3

196 3279 325 3334 OarmIna
337 3287 397 3334 tum
410 3281 515 3346 melius,
530 3298 592 3336 cum
605 3282 713 3336 venerit
725 3281 792 3349 ipse,
807 3297 943 3337 canemus.

605 3491 827 3503 ,ια-ιι·-
