2706 3938
521 231 659 282 vetrum
681 232 845 282 AENEIDOS
868 233 899 281 V.

201 397 289 465 Nunc,
305 397 396 464 Pater,
413 403 441 450 et
453 396 545 450 tenuis
557 395 693 449 Teucrum
706 412 750 449 res
763 395 839 463 eripe
850 394 916 448 leto.

201 486 254 539 Vel
268 491 306 553 tu,
322 485 394 554 quod
408 489 540 553 superest,
555 484 658 536 infesto
672 483 788 536 fulmine
800 483 892 550 morti,

201 573 231 627 Si
243 589 359 639 mereor,
373 572 497 638 demitte,
511 579 612 639 tuaque
626 571 671 624 bic
685 571 770 624 obrue
783 569 907 624 dextra.''

201 661 258 714 Vix
271 661 339 714 haec
351 659 483 725 ediderat,
498 674 560 712 cum
574 658 668 710 effusis
681 657 818 710 imbribus
830 664 890 711 atra

201 749 360 816 Tempestas
378 749 437 799 sine
449 762 527 799 more
539 745 616 813 furit,
631 746 791 813 tonitruque
802 749 973 799 tremescunt

200 834 298 888 Ardua
310 839 447 887 terrarum
460 839 489 886 et
501 833 606 900 campi3
628 833 685 884 ruit
697 831 809 885 aethere
822 837 882 884 toto

201 920 339 973 Turbidus
351 920 438 973 imber
451 935 521 988 aqua
534 919 678 986 densisque
691 918 856 986 nigerrimus
869 919 981 984 austris;

201 1007 408 1077 implenturque
421 1023 503 1074 super
516 1021 636 1075 puppes3
658 1010 779 1060 semusta
791 1005 954 1059 madescunt

201 1096 327 1165 Robora;
348 1095 495 1150 restinctus
513 1094 603 1147 donee
615 1111 702 1163 vapor
714 1094 811 1161 omnis,
826 1101 854 1146 et
867 1109 970 1161 omnes,

202 1183 340 1248 Quattuor
352 1183 465 1250 amissis,
481 1187 606 1234 servatae
620 1198 635 1234 a
648 1187 724 1249 peste
737 1181 853 1234 carinae.

236 1272 277 1324 At
289 1275 367 1340 pater
380 1270 498 1336 Aeneas,
514 1285 579 1322 casu
593 1283 741 1322 concussus
753 1268 862 1336 acerbo,

202 1357 283 1411 Nunc
296 1357 349 1410 hue
361 1357 489 1426 ingentis,
501 1372 574 1408 nune
587 1355 651 1408 illue
663 1360 776 1423 pectore
788 1371 867 1409 curas

201 1445 327 1499 Mutabat
339 1461 460 1511 versans,
475 1443 609 1498 Siculisne
622 1442 754 1496 resideret
766 1443 847 1512 arvis,

202 1532 313 1586 Oblitus
324 1533 456 1598 fatorum,
471 1530 590 1584 ltalasne
603 1536 757 1598 capesseret
769 1546 839 1584 oras.

201 1619 272 1673 Tum
285 1619 376 1673 senior·
390 1619 502 1686 Nautes,
519 1633 602 1670 unum
616 1617 739 1672 Tritonia
753 1617 843 1671 Pallas

202 1709 289 1774 Quem
303 1708 397 1763 docuit
409 1709 551 1778 multaque
562 1709 698 1779 insignem
712 1709 831 1763 reddidit
843 1715 932 1762 arte-

201 1796 277 1850 Haee
290 1813 421 1865 responsa
433 1795 524 1864 dabat,
540 1797 584 1850 vel
594 1814 664 1866 quae
676 1796 856 1866 portenderet
867 1797 911 1848 ira

201 1883 302 1952 Magne
314 1882 403 1951 deum,
418 1883 462 1936 vel
475 1900 544 1952 quae
558 1884 680 1938 fatorum
689 1889 815 1952 posceret
828 1883 931 1936 ordo-

201 1973 280 2040 lsque
293 1972 336 2025 his
349 1975 464 2028 Aenean
478 1976 582 2029 solatus
595 1975 709 2030 vocibus
722 1975 797 2029 infit:

203 2065 220 2091 “
229 2063 301 2117 Nate
313 2064 372 2132 dea,
388 2080 443 2133 quo
456 2063 513 2116 fata
524 2064 640 2117 trahunt
653 2064 861 2132 retrabuntque,
876 2079 1040 2132 sequamur;

201 2148 340 2219 Quidquid
354 2151 414 2219 erit,
430 2151 587 2219 superanda
598 2151 688 2205 omnis
700 2152 815 2204 fortuna
826 2149 942 2204 ferendo
956 2155 1004 2203 est

201 2236 249 2290 Est
261 2238 312 2292 tibi
326 2238 483 2293 Dardanius
495 2238 604 2292 divinae
617 2239 710 2307 stirpis
723 2240 852 2293 Acestes:

201 2323 282 2380 Hune
295 2342 361 2394 cape
375 2327 494 2380 consiliis
507 2327 611 2379 socium
626 2333 653 2380 et
666 2327 801 2395 coniunge
816 2325 969 2388 volentem3

201 2410 272 2464 Huic
285 2412 371 2479 trade,
387 2414 493 2467 amissis
505 2420 635 2483 superant
647 2415 693 2483 qui
706 2413 830 2480 navibus,
846 2418 873 2466 et
885 2429 955 2480 quos

201 2497 360 2552 Pertaesum
373 2501 465 2568 magni
478 2501 581 2569 incepti
595 2517 741 2569 rerumque
754 2505 863 2554 tuarum
877 2503 935 2560 est}

201 2585 414 2656 Longaevosque
428 2605 506 2642 senes
519 2606 550 2642 sc
564 2589 650 2643 fessas
663 2605 782 2657 aequore
795 2595 903 2653 matres,

200 2673 236 2726 Et
250 2673 383 2742 quidquid
395 2679 486 2728 tecum
500 2675 651 2728 invalidum
664 2681 844 2742 metuensque
858 2673 951 2742 pericli
964 2677 1014 2739 est,

200 2759 304 2829 Delige
319 2767 347 2814 et
359 2761 403 2814 bis
415 2762 536 2816 habeant
548 2763 630 2816 terris
643 2762 702 2815 sine
714 2761 824 2815 moenis
836 2760 916 2825 fessi3

201 2846 303 2902 Urbem
318 2848 495 2917 appellabunt
507 2850 641 2918 permisso
654 2849 767 2902 nomine
781 2846 940 2902 Acestam.’'

235 2935 346 2990 Talibus
359 2937 487 2990 incensus
499 2936 579 2989 dietis
593 2937 709 2989 senioris
721 2936 809 3001 amici,

200 3021 269 3075 Tum
281 3040 346 3077 vero
359 3024 480 3077 incursa
493 3025 585 3077 animo
598 3023 737 3076 diducitur
750 3023 846 3076 omnis.

199 3110 236 3162 Et
250 3109 313 3163 Nox
326 3119 386 3164 atra
398 3111 491 3180 polum
506 3111 575 3179 bigis
589 3110 722 3164 subvecta
737 3110 863 3164 tenebat:

201 3195 270 3249 Visa
282 3196 381 3250 dehinc
394 3198 469 3252 caelo
482 3198 567 3251 facies
585 3195 697 3266 delapsa
708 3197 831 3267 parentis

200 3282 339 3337 Anchisae
352 3283 444 3337 subito
457 3284 519 3338 talis
532 3283 673 3338 effundere
687 3301 781 3338 voees:

203 3369 219 3396 ‘⁸
230 3368 311 3436 Nate,
325 3369 393 3422 mibi
406 3371 464 3424 vita
476 3370 623 3439 quondam,
638 3371 702 3424 duur
717 3371 775 3424 vita
787 3371 925 3439 manebat,

202 3453 272 3508 Care
284 3455 378 3522 magis,
393 3461 466 3524 nate,
481 3455 571 3510 Iliacis
585 3458 705 3511 exercite
718 3458 792 3526 fatis,

200 3539 321 3609 Imperio
334 3539 407 3594 Iovis
420 3541 473 3594 hue
486 3542 575 3610 venio,
590 3543 636 3611 qui
649 3544 779 3597 elassibus
791 3544 885 3612 ignem
