2706 3938
512 233 651 284 vulturii
674 234 839 284 auuuluos
860 234 905 285 Vl.
989 257 992 262 ·

202 396 251 452 Dis
263 413 427 466 quamquam
440 398 526 465 geniti
539 402 621 466 atque
633 397 730 450 invicti
745 397 849 450 viribus
862 401 961 451 esseut.

201 482 361 535 Tartareum
374 482 421 535 ille
434 499 517 535 mauu
531 481 673 535 custodem
686 483 715 535 in
729 481 820 535 vinela
832 483 940 550 petivit,

201 569 290 637 Ipsius
302 586 319 624 a
331 569 400 623 solio
411 569 490 637 regis,
505 569 645 638 traxitque
657 575 823 622 trementem
834 588 840 636 ;

201 656 237 708 Hi
251 655 390 709 dominam
403 656 477 710 Ditis
491 655 614 710 thalamo
627 655 763 709 deducere
776 655 896 709 adorti.”

201 743 277 808 Quae
291 749 387 797 eontra
398 745 521 797 breviter
533 744 593 797 latu
605 748 648 796 est
660 741 830 810 Amphrysia
843 748 933 797 vates:

203 829 329 884 “Nullae
340 831 386 884 hio
398 830 514 885 insidiae
527 829 733 884 tales-absiste
746 830 889 882 moveri—

200 917 260 970 Nee
273 918 329 970 vim
343 917 398 971 tela
409 919 519 986 feruut3
541 919 606 971 lioet
617 918 715 985 ingens
727 916 832 970 ianitor
844 923 923 973 antro

201 1005 354 1059 Aeternum
367 1005 472 1059 latrans
484 1006 630 1073 exsanguis
643 1010 747 1060 terreat
760 1005 881 1074 umbras,

97 1111 99 1116 ’
201 1093 284 1147 Casta
294 1092 360 1146 lieet
372 1093 464 1162 patrui
478 1101 569 1146 servet
581 1093 748 1161 Proserpina
760 1094 852 1146 limen.

200 1180 297 1234 Troius
310 1181 427 1248 Aeneas,
442 1181 546 1249 pietate
558 1180 715 1247 insigniset
729 1182 820 1249 armis,

200 1268 246 1322 Ad
258 1269 411 1336 genitorem
425 1268 495 1320 imas
506 1266 591 1320 Erebi
605 1267 747 1321 deseendit
759 1267 793 1322 ad
806 1267 925 1322 umbrae.

200 1354 228 1408 Si
241 1366 269 1408 te
281 1355 356 1409 nulla
367 1361 462 1408 movet
475 1360 570 1408 tantae
584 1355 693 1423 pietatis
705 1355 803 1423 imago,

199 1442 240 1495 At
252 1458 359 1494 ramum
372 1441 446 1495 huno
457 1441 599 1509 ’'-aperit
612 1459 727 1511 ramum,
743 1444 788 1511 qui
801 1449 879 1496 veste
891 1442 966 1496 lateb
977 1449 1033 1496 :t—

202 1531 218 1558 “
229 1528 400 1597 Agnosous.”
438 1528 555 1582 Tumida
568 1545 602 1582 ex
614 1531 656 1582 ira
669 1536 726 1582 tum
741 1529 825 1583 eorda
838 1529 970 1583 residunt.

199 1615 258 1670 Neo
271 1615 352 1684 plura
365 1615 416 1670 his.
454 1615 504 1669 Ille
517 1616 655 1669 admirans
667 1617 824 1670 venerabile
837 1615 942 1669 donum

199 1703 302 1756 Fatalis
316 1704 415 1771 virgae,
430 1703 513 1771 longo
527 1709 590 1770 post
602 1707 728 1769 tempore
741 1703 838 1771 visum,

200 1791 361 1846 Caeruleum
374 1790 494 1844 advertit
506 1789 628 1858 puppim,
644 1791 777 1858 ripaeque
789 1792 967 1860 propinquat.

199 1878 267 1932 Inde
280 1879 346 1933 alias
359 1879 471 1945 animas,
488 1893 556 1945 quae
569 1892 620 1944 per
632 1876 698 1944 iuge
710 1876 795 1945 longa
808 1879 950 1945 sedebant,

197 1965 343 2034 Deturbat,
357 1965 485 2033 laxatque
499 1965 591 2031 foros3
614 1965 697 2018 simul
711 1965 811 2033 decipit
823 1965 902 2019 alveo

198 2053 342 2121 ingentem
355 2054 478 2107 Aenean.
517 2053 630 2106 Gemuit
644 2054 695 2107 sub
707 2053 830 2122 pondere
843 2054 941 2120 eymbu

199 2139 301 2211 Sutilis,
317 2147 344 2196 et
357 2142 471 2196 multum
484 2142 592 2210 aooepit
605 2142 708 2197 rimosa
720 2141 857 2210 paludem.

198 2228 320 2283 Tandem
333 2236 409 2284 trans
422 2229 536 2283 fluvium
549 2231 697 2285 incolumis
710 2235 854 2296 vatemque
869 2228 1011 2295 virumque

197 2315 313 2370 Informi
326 2317 392 2371 limo
404 2317 556 2388 glaucaque
569 2319 685 2389 exponit
697 2317 727 2371 in
739 2317 811 2370 ulva.

234 2404 369 2458 Cerberus
381 2405 449 2459 haee
461 2406 560 2474 ingens
573 2406 677 2460 latratu
690 2420 777 2472 regna
788 2403 901 2456 trifauci

197 2490 340 2559 Personat,
355 2491 470 2546 adverso
483 2495 618 2546 recubans
631 2491 759 2545 immanis
770 2491 800 2543 in
814 2494 902 2543 antro.

198 2578 250 2632 Cui
263 2583 348 2645 vates,
362 2578 476 2632 horrere
488 2578 583 2632 videns
596 2579 649 2632 iam
668 2577 739 2632 oolla
751 2577 878 2645 colubris,

197 2664 278 2718 Melle
289 2671 445 2733 soporatam
460 2671 488 2719 et
498 2666 642 2720 medicatis
656 2665 783 2732 frugibus
795 2665 880 2718 offam

198 2752 298 2806 Obioit.
337 2752 387 2806 llle
399 2754 474 2807 fame
487 2753 583 2807 rabida
595 2755 650 2808 tria
665 2758 779 2822 guttura
790 2753 916 2821 pandens

198 2837 320 2908 Corripit
333 2841 477 2908 obiectam,
493 2849 575 2910 atque
587 2840 718 2894 immania
731 2848 808 2908 terga
821 2840 933 2892 resolvit

196 2925 284 2979 Fusus
296 2927 380 2995 humi,
395 2933 511 2996 totoque
522 2929 620 2995 ingens
633 2927 794 2980 extenditur
806 2931 895 2980 antro.

197 3013 323 3082 Oooupat
336 3013 445 3067 Aeneas
458 3014 562 3067 aditum
577 3013 689 3066 custode
701 3013 816 3081 sepulto,

196 3099 350 3168 Evaditque
363 3099 435 3154 celer
447 3101 535 3168 ripam
547 3098 733 3152 inremeabilis
745 3099 843 3153 undae.

232 3185 371 3240 Continuo
384 3187 493 3241 auditae
505 3201 587 3240 voees
601 3185 710 3246 vagitus
723 3190 752 3238 et
764 3186 862 3254 ingens

194 3271 392 3342 infantumque
405 3275 512 3327 animae
524 3273 622 3326 flentes
634 3271 664 3323 in
677 3271 773 3325 limine
784 3273 883 3340 primo,

197 3359 273 3424 Quos
285 3358 371 3413 duleis
384 3360 457 3413 vitae
470 3360 587 3413 exsertis
600 3368 628 3412 et
642 3359 677 3412 ab
690 3359 775 3411 ubere
789 3365 884 3428 raptos

196 3444 322 3498 Abstulit
335 3453 394 3500 atra
406 3446 464 3500 dies
477 3452 504 3500 et
516 3447 614 3499 funere
627 3446 725 3499 mersit
738 3447 846 3500 acerbo.

197 3529 256 3583 Hos
266 3531 344 3585 iuxta
356 3531 427 3585 falso
440 3531 562 3584 damnati
574 3532 689 3586 erimine
701 3531 808 3585 mortis.
