2656 3940
426 222 564 273 VERGILI
586 223 750 273 Ananrnos
773 223 844 274 VIII.

130 381 303 451 Addiderunt,
321 382 397 436 rutili
415 385 466 437 tris
478 384 549 452 ignis
561 390 590 438 et
603 385 676 438 alitis
691 385 802 455 Austri3

128 466 253 536 Fulgores
264 486 339 523 nunc
351 470 487 524 terrificos
500 472 672 540 sonitumque
683 477 843 540 metumque

128 553 273 610 Miscebant
285 557 363 625 operi
374 556 545 626 flammisque
558 559 721 627 sequacibus
733 559 795 612 iras.

127 640 206 696 Parte
218 643 270 697 alia
283 643 366 698 Marti
379 660 544 713 currumque
561 650 691 714 rotasque
704 645 824 698 volucris

127 728 271 800 instabant,
286 732 386 800 quibus
398 731 445 785 ille
459 733 540 801 viros,
556 735 656 801 quibus
671 733 773 787 excitat
785 733 887 801 urbes3

128 817 281 888 Aegidaque
293 820 465 888 horriferum,
481 821 610 875 turbstse
623 821 742 874 Palladis
755 837 837 888 arms,

128 903 255 960 Certatim
268 908 389 976 squamis
400 913 559 976 serpentum
573 924 694 976 auroque
705 907 837 976 polibant,

128 991 302 1063 conexosque
314 996 412 1064 anguis
423 997 564 1065 ipsamque
576 996 607 1048 in
619 1000 731 1064 pectore
744 995 824 1049 divae

126 1079 261 1150 Gorgona,
276 1081 387 1136 desecto
400 1088 555 1137 vertentem
572 1082 677 1136 lumina
689 1081 768 1136 collo.
793 1107 802 1139 r

127 1167 247 1229 “Tollite
259 1171 386 1237 cuncta’'
397 1171 497 1240 inquit,
514 1172 706 1239 “coeptusque
721 1169 829 1223 auferte
841 1171 958 1239 labores,

126 1255 237 1310 Aetnaei
250 1257 395 1327 Cyclopes,
408 1264 438 1312 et
449 1259 523 1312 hunc
536 1258 673 1312 advertite
688 1262 826 1311 mentem:

125 1344 207 1398 Arma
218 1346 275 1399 acri
287 1345 413 1400 facienda
425 1347 493 1400 viro.
533 1344 615 1400 Nunc
629 1344 735 1398 viribus
748 1361 820 1413 usus,

125 1428 200 1484 Nunc
212 1433 342 1486 manibus
353 1433 462 1502 rapidis,
476 1433 551 1486 omni
565 1449 637 1486 nunc
651 1437 711 1487 erte
723 1432 862 1501 magistra.

124 1515 303 1587 Praecipitate
315 1519 434 1574 moras.‘’
470 1519 530 1574 Neo
542 1520 623 1589 plura
637 1520 749 1586 effatus3
771 1524 801 1572 at
816 1518 858 1572 illi

125 1603 202 1660 Ocius
214 1607 366 1661 incubuere
378 1623 475 1662 omnes
486 1609 645 1677 pariterque
661 1607 783 1661 laborem

105 1744 110 1756 ,
124 1689 223 1747 Sortiti
260 1693 337 1747 Fluit
350 1710 397 1748 aes
408 1695 475 1748 rivis
487 1695 600 1764 aurique
612 1694 763 1764 metallum,

125 1776 329 1850 Voluiticuaque
342 1780 454 1848 chalybs
466 1790 545 1836 vesta
556 1783 670 1837 fornace
686 1784 821 1853 liquescit.

124 1864 260 1934 Ingentem
275 1867 395 1936 clipeum
407 1868 567 1937 informant,
582 1887 668 1924 unum
682 1873 776 1926 omnia
788 1877 886 1926 contre

124 1951 182 2007 Tela
193 1954 364 2021 Latinorum,
379 1962 562 2024 septenosque
573 1957 687 2011 orbibus
699 1959 774 2013 orbis

124 2037 286 2109 Impediunt.
325 2041 381 2094 Alii
393 2043 517 2097 ventosis
528 2042 640 2098 follibus
651 2061 731 2098 auras

123 2127 265 2197 Accipiunt
278 2128 468 2197 redduntque3
489 2129 534 2182 alii
547 2129 692 2185 stridentia
709 2132 821 2201 tingunt

125 2212 191 2267 Aera
201 2215 270 2270 lacu.
315 2214 407 2268 Gemit
419 2216 557 2284 impositis
568 2217 715 2272 incudibus
730 2224 849 2276 antrum.

123 2299 162 2352 Illi
173 2302 245 2356 inter
257 2319 321 2357 sese
334 2302 421 2356 multa
433 2303 461 2355 vi
474 2304 601 2358 bracchia
613 2304 716 2360 tollunt

122 2385 317 2457 innumerum,
332 2395 497 2459 versantque
509 2391 599 2444 teneci
611 2392 716 2462 forcipe
728 2411 854 2450 massam.

153 2476 225 2532 Haec
238 2483 323 2547 pater
336 2478 442 2531 Aeoliis
454 2485 587 2547 properat
599 2480 664 2534 dum
679 2481 807 2536 Lemnius
820 2483 883 2551 oris,

122 2562 272 2618 Euandrum
290 2582 324 2619 ex
338 2565 436 2618 humili
447 2573 523 2620 tecto
535 2566 583 2619 lux
596 2569 710 2622 suscitat
722 2569 794 2624 alma

123 2647 155 2702 Et
166 2653 294 2706 matutini
310 2652 451 2706 volucrum
465 2654 515 2706 sub
527 2653 646 2708 culmine
659 2661 763 2709 cantus.

124 2736 264 2808 Consurgit
277 2739 378 2807 senior,
394 2740 541 2808 tunicaque
554 2741 693 2796 inducitur
706 2750 789 2810 artus,

124 2822 156 2877 It
168 2824 310 2893 Tyrrhena
322 2825 423 2894 pedum
438 2826 591 2881 circumdat
606 2829 715 2884 vincula
726 2831 846 2898 plantis3

124 2910 185 2965 Tum
197 2913 277 2968 lateri
289 2921 375 2982 atque
389 2914 489 2967 umeris
504 2913 657 2983 Tegeaeum
670 2917 789 2986 subligat
802 2934 903 2987 ensem,

123 2995 241 3055 Demissa
252 3003 288 3054 ab
300 3001 381 3054 laeva
392 3001 543 3067 pantherae
554 3007 636 3069 terga
646 2993 830 3073 retorquens

123 3083 177 3140 Nec
188 3105 245 3142 non
257 3094 287 3143 et
298 3088 404 3157 gemini
417 3089 545 3142 custodes
558 3089 653 3143 limine
666 3091 700 3144 sb
714 3091 770 3145 aito

124 3170 290 3229 Praecedunt
302 3191 482 3244 gressumque
495 3191 576 3228 canes
589 3176 757 3231 comitantur
769 3178 873 3233 erilem.

124 3258 240 3329 Hospitis
252 3265 366 3316 Aeneae
380 3261 473 3316 sedem
488 3268 516 3315 et
529 3269 634 3316 secreta
645 3265 765 3334 petebat,

125 3344 280 3402 Sermonum
295 3366 403 3404 memor
416 3355 445 3402 et
455 3349 582 3418 promissi
594 3352 725 3420 muneris,
740 3351 830 3406 heros.

124 3432 177 3487 Nec
187 3435 278 3490 minus
290 3436 402 3490 Aeneas
414 3453 445 3489 se
458 3437 611 3490 matutinus
625 3438 730 3505 agebat.

124 3517 201 3574 Fidus
212 3523 276 3576 huic
289 3523 387 3588 Pallas,
403 3522 443 3575 illi
457 3539 549 3576 comes
561 3523 620 3576 ibat
633 3523 763 3579 Achates.
