2656 3940
486 238 624 287 VERGlLl
650 234 815 284 nanninus
838 233 908 281 Vlll.

185 401 292 456 Primus
306 401 339 454 ab
353 400 477 454 aetherio
491 401 566 452 venit
579 399 715 451 Saturnus
728 395 858 462 Olympo,

184 493 270 542 Arma
285 489 356 540 lovis
369 488 477 555 fugiens
490 493 519 540 et
532 486 623 554 regnis
636 484 713 537 exsul
728 481 873 550 ademptis.

186 577 211 630 ls
223 593 308 645 genus
321 574 440 627 indocile
454 591 486 627 ao
499 573 653 642 dispersum
667 569 810 624 montibus
823 567 887 622 altis

185 664 353 732 Composuit,
368 660 497 729 legesque
510 660 595 724 dedit,
611 658 775 726 Latiumque
787 654 881 709 vooari

184 751 289 817 Maluit,
304 750 347 802 his
359 749 488 818 quoniam
503 745 630 800 latuisset
642 748 720 798 tutus
732 744 760 796 in
776 742 840 797 oris.

184 840 278 890 Aurea
290 853 359 905 qnae
370 834 525 904 perhibent,
541 833 589 887 illo
603 834 654 886 sub
671 847 736 900 rege
748 831 825 883 fuere

184 924 311 977 Saecula:
333 923 371 976 sio
384 921 493 992 plaoida
506 920 622 990 populos
636 920 664 972 in
679 934 746 986 pace
760 917 892 985 regebat;

186 1011 312 1065 Deterior
324 1012 412 1065 donee
424 1010 555 1079 paulatim
571 1025 602 1062 ao
615 1007 729 1060 deoolor
741 1010 818 1059 aetas

184 1099 221 1152 Et
233 1099 296 1153 belli
311 1099 401 1152 rabies
413 1107 441 1152 et
453 1114 532 1152 amor
545 1095 676 1150 suecessit
689 1092 818 1146 habendi.

185 1186 253 1239 Tum
266 1203 364 1240 manus
377 1186 500 1238 Ausonia
513 1191 541 1238 ot
553 1189 650 1251 gentes
665 1195 765 1232 venere
780 1178 905 1246 Sioanae,

185 1274 300 1342 Saepius
312 1280 340 1327 et
353 1289 454 1327 nomen
469 1271 561 1341 posuit
573 1269 704 1324 Saturnia
718 1266 815 1332 tellus3

185 1362 253 1414 Tum
267 1378 346 1427 reges
359 1375 492 1428 asperque
503 1358 615 1412 immani
632 1371 750 1424 corpore
765 1352 891 1420 Thybris,

186 1450 211 1500 A
226 1464 280 1516 quo
292 1455 355 1516 post
369 1448 431 1501 Itali
445 1447 559 1499 fluvium
573 1444 736 1513 eognomine
751 1439 884 1507 Thybrim

186 1535 326 1598 Diximus;
348 1534 438 1588 amisit
452 1550 547 1587 verum
562 1540 641 1586 vetus
654 1529 757 1584 Albula
777 1543 887 1580 nomen.

185 1621 231 1675 Me
243 1623 351 1690 pulsum
365 1623 454 1690 patria
467 1620 610 1690 pelagique
623 1624 748 1672 extrema
764 1621 924 1683 sequentem

186 1709 310 1762 Fortuna
323 1711 498 1778 omnipotens
510 1714 539 1760 et
550 1705 726 1760 ineluctabile
740 1704 830 1757 fatum

187 1797 237 1848 His
250 1813 364 1864 posuere
376 1796 452 1862 loois,
469 1795 617 1862 matrisque
632 1807 714 1860 egere
727 1789 872 1844 tremenda

187 1884 341 1937 Carmentis
355 1882 503 1951 Nymphae
515 1881 621 1935 monita
633 1886 662 1933 et
675 1879 745 1932 deus
755 1883 852 1932 auotor
867 1875 996 1945 Apollo.’'

187 1972 245 2024 Vix
257 1989 289 2024 ea
301 1971 391 2036 dirta3
414 1970 514 2024 dehine
527 1984 687 2038 progressus
702 1971 839 2020 monstrat
853 1971 881 2018 et
895 1981 972 2017 aram

186 2059 222 2111 Et
235 2058 436 2112 Carmentalem
451 2057 566 2110 Romani
586 2057 698 2110 nomine
712 2062 818 2126 portam

187 2146 275 2210 Quam
288 2151 451 2211 memorant,
466 2143 613 2212 Nymphae
626 2144 745 2213 priscum
763 2144 919 2199 Carmentis
932 2144 1075 2209 honorem,

188 2234 268 2287 Vatis
279 2232 417 2298 fatidieae‚
433 2232 533 2286 oeoinit
546 2247 615 2299 quae
628 2231 718 2300 prima
729 2232 838 2286 futuros

187 2321 332 2374 Aeneadas
344 2336 459 2387 magnos
471 2324 500 2371 et
513 2318 606 2372 nobile
617 2318 800 2373 Pallanteum.

188 2409 259 2460 Hine
272 2407 364 2460 luoum
378 2408 526 2474 ingentem,
542 2422 622 2474 quem
637 2406 771 2459 Romulus
784 2422 849 2460 acer
862 2403 978 2472 Asylum

187 2495 305 2548 Rettulit
318 2501 347 2547 et
359 2494 449 2562 gelida
462 2500 597 2546 monstrat
610 2493 661 2546 sub
674 2509 743 2562 rupe
758 2473 901 2561 theroal,

186 2583 334 2636 Parrhasio
348 2581 451 2634 dietum
466 2580 555 2633 Panos
568 2580 602 2633 de
616 2597 692 2633 more
706 2580 815 2648 Lyoaei.

187 2669 246 2722 Neo
259 2686 316 2722 non
329 2678 356 2721 et
370 2669 437 2722 saori
452 2674 587 2721 rrroustrat
600 2685 696 2722 nemus
710 2668 837 2737 Argileti,

187 2757 369 2825 Testaturque
380 2755 480 2822 looum,
493 2760 520 2808 et
533 2755 618 2808 letum
633 2755 714 2808 doeet
727 2755 844 2824 hospitis
856 2754 932 2823 Argi.

189 2845 260 2898 Hinc
273 2844 306 2897 ad
321 2843 465 2911 Tarpeiam
479 2843 571 2896 sedern
586 2848 614 2896 et
628 2843 765 2912 Capitolia
777 2843 861 2911 ducit,

189 2933 281 2985 Aurea
293 2948 373 2996 nune,
389 2930 455 2983 olim
469 2929 643 2984 silvestribus
657 2931 770 2985 horrida
782 2931 881 2984 dumis.

188 3018 245 3070 lam
258 3023 316 3071 tum
331 3017 428 3085 religio
441 3018 557 3085 pavidos
569 3019 693 3071 terrebat
706 3018 822 3085 agrestis

187 3105 256 3157 Dira
268 3104 336 3168 loei;
357 3105 411 3158 iam
426 3111 484 3157 tum
498 3104 595 3158 silvam
610 3121 762 3173 saxumque
775 3105 941 3159 tremebant.

189 3195 205 3220 “
215 3191 274 3244 Hoo
286 3207 390 3254 nemus,
405 3191 480 3244 hnno
489 3191 505 3218 ”
519 3191 611 3259 inquit
625 3190 785 3244 “frondoso
799 3192 902 3245 vertioa
916 3191 1023 3259 oollem,

187 3276 291 3342 —Quis
302 3277 370 3330 deus
381 3281 518 3331 incertum
532 3278 719 3332 est-habitat
732 3279 816 3343 deus;
834 3278 956 3333 Aroades
968 3279 1060 3347 ipsum

189 3364 312 3418 Credunt
325 3381 353 3417 se
368 3365 467 3417 vidisse
480 3364 583 3432 lovem,
599 3382 661 3418 oum
675 3381 756 3434 saepe
769 3367 924 3434 nigrantem

190 3450 296 3518 Aegida
308 3455 469 3503 ooneuteret
481 3450 587 3517 dextra,
601 3452 765 3520 nimbosque
778 3457 870 3507 aieret.

192 3538 264 3590 Haeo
276 3535 332 3588 duo
344 3539 487 3602 praeterea
499 3536 620 3590 disiectis
632 3538 734 3605 oppida
747 3540 840 3605 muris,
