2668 3942
501 202 639 254 VERGILI
661 199 827 250 AENEIDOS
850 199 906 248 XII.

194 367 274 421 sistit
287 382 372 435 equos
384 365 485 434 biiugis
498 372 526 418 et
538 380 621 417 curru
634 362 734 431 desilit,
746 372 829 431 atque

194 454 356 508 Semianimi
369 452 501 522 lapsoque
515 450 682 520 supervenit,
693 454 722 504 et
734 449 805 518 pede
819 449 890 502 collo

194 542 340 611 Impresso,
353 540 468 593 dextrae
482 554 644 592 mucronem
657 541 806 605 extorquet
819 543 847 590 et
859 537 916 590 alto

194 630 357 699 Fulgentem
370 628 472 696 tinguit
484 625 587 694 iugulo,
599 634 682 694 atque
693 624 762 678 haec
774 624 886 692 insuper
899 623 990 678 addit:

196 717 271 784 “En,
283 733 371 784 agros,
383 724 419 781 et,
432 730 513 782 quam
527 713 607 778 bello,
619 710 745 777 Troiane,
756 711 858 780 petisti,

193 803 357 873 Hesperiam
370 803 468 855 metire
481 802 589 854 iacens:
610 799 677 854 haec
690 799 817 868 praemis,
830 799 876 866 qui
889 815 933 852 me

194 891 279 945 Ferro
292 891 352 944 ausi
364 895 510 958 temptare,
522 889 633 953 ferunt,
655 887 695 940 sie
707 887 818 940 moenia
830 885 981 940 condunt.'’

195 979 265 1032 Huic
278 978 408 1032 comitem
421 977 550 1044 Asbyten
563 975 688 1028 coniecta
701 974 813 1042 cuspide
826 972 920 1041 mittit,

195 1066 368 1135 Chloreaque
381 1065 562 1134 Sybarimque
575 1063 733 1130 Daretaque
748 1059 1011 1130 Thersilochumque

193 1154 231 1206 Et
243 1153 375 1208 sternacis
387 1153 450 1221 equi
462 1153 569 1220 lapsum
583 1150 689 1204 cerviae
704 1148 885 1215 Thymoeten.

194 1242 237 1295 A‘o
251 1242 326 1296 velut
338 1241 429 1294 Edoni
443 1240 548 1294 Boreae
561 1256 623 1293 curn
637 1239 750 1306 spiritus
762 1236 819 1290 alto

194 1329 308 1382 Inscnat
321 1328 441 1396 Aegaeo,
456 1327 633 1396 sequiturque
646 1325 680 1379 ad
692 1325 776 1378 litora
788 1323 895 1390 fluctus,

195 1415 257 1480 Qua
268 1416 345 1469 venti
357 1416 515 1482 incubuere,
526 1414 620 1482 fugam
633 1413 702 1466 dant
714 1411 808 1465 nubila
823 1409 914 1464 caelo:

194 1503 240 1556 Sic
253 1503 353 1570 Turno,
365 1518 535 1572 quacumque
550 1502 622 1554 viam
634 1505 715 1568 secat,
730 1499 841 1568 agmina
854 1497 958 1552 cedunt

195 1588 406 1657 Conversaeque
420 1593 503 1640 ruunt
515 1587 600 1654 aeies;
623 1586 679 1640 fert
690 1586 810 1655 impetus
822 1584 921 1652 ipsum,

194 1675 231 1728 Et
243 1676 353 1729 cristam
367 1675 484 1728 adverso
497 1690 579 1728 curru
592 1674 681 1742 quatit
694 1690 761 1728 aura
773 1672 922 1727 volentem.

194 1761 258 1815 Non
270 1762 335 1816 tulit
347 1763 496 1816 instantem
508 1761 635 1828 Phegeus
647 1761 801 1830 animisque
813 1761 996 1828 frementem

195 1850 305 1904 Obiecit
317 1866 376 1903 sese
389 1849 423 1903 ad
436 1866 555 1919 currum,
567 1855 595 1902 et
609 1849 765 1918 spumantia
776 1849 862 1902 frenis

195 1935 252 1989 Ora
264 1935 411 1989 citatorum
424 1934 521 1988 dextra
533 1935 650 1988 detorsit
662 1951 803 2003 equorum.

192 2022 269 2079 Dum
281 2022 400 2076 trahitur
413 2021 567 2090 pendetque
579 2021 658 2090 iugis,
670 2022 744 2076 hunc
756 2022 812 2077 lata
823 2033 959 2078 retectum

195 2110 301 2165 Lancea
314 2110 498 2179 consequitur,
510 2113 668 2178 rumpitque
680 2109 765 2164 infixa
777 2111 885 2165 bilicem

193 2197 328 2264 Loricam,
340 2203 368 2251 et
380 2213 517 2250 summum
531 2197 659 2265 degustat
672 2197 785 2252 volnere
797 2215 906 2268 corpus

193 2285 244 2338 Ille
256 2291 350 2339 tamen
362 2284 450 2352 clipeo
464 2284 573 2338 obiecto
586 2301 734 2339 conversus
745 2287 775 2339 in
787 2285 896 2342 bostem
927 2344 928 2348 ,

193 2373 264 2442 Ibat,
276 2379 304 2426 et
316 2372 449 2426 auxilium
461 2371 545 2425 ducto
559 2389 691 2426 mucrone
704 2373 828 2441 petebat:

195 2460 264 2513 (lum
277 2466 338 2512 rota
350 2459 529 2528 praecipitem
542 2467 571 2512 et
583 2476 716 2528 procursu
730 2462 856 2516 concitus
869 2462 927 2516 axis

193 2546 308 2614 Impulit
321 2546 494 2615 effunditque
507 2546 573 2614 solo,
585 2546 747 2617 Turnusque
761 2556 871 2604 secutus

193 2633 283 2687 Imam
295 2633 368 2686 inter
381 2633 488 2702 galeam
501 2635 600 2686 summi
614 2634 736 2689 thoracis
749 2644 778 2689 et
790 2654 854 2691 oras

194 2720 317 2774 Abstulit
330 2737 395 2774 ense
408 2725 498 2789 caput,
509 2726 692 2791 truncumque
705 2724 815 2793 reliquit
828 2725 955 2778 harenae.

229 2809 322 2878 Atque
336 2826 368 2862 ea
380 2808 444 2861 dum
460 2799 563 2876 campis
575 2810 664 2864 victor
677 2811 726 2864 dat
739 2812 836 2866 funera
847 2812 964 2877 Turnus,

193 2896 303 2950 Interea
317 2896 431 2949 Aenean
444 2895 604 2950 Mnestheus
616 2903 645 2951 et
657 2897 727 2952 fidus
741 2898 863 2953 Achates

192 2985 380 3052 Ascaniusque
393 3000 486 3037 comes
498 2985 595 3038 cestris
607 2989 729 3040 statuere
742 2991 894 3052 cruentum,

156 3087 161 3096 ·
192 3071 325 3125 Alteruos
336 3071 420 3138 longa
432 3071 568 3125 nitentem
581 3072 693 3140 cuspide
705 3089 821 3140 gressus.

193 3158 293 3226 Saevit,
305 3165 334 3212 et
345 3158 465 3213 infracta
478 3158 598 3212 luctatur
610 3158 767 3214 harundine
778 3160 864 3214 telum

191 3245 315 3314 Eripere,
328 3246 486 3314 auxilioque
498 3245 580 3314 viam,
591 3263 659 3314 quae
672 3248 806 3316 proxima,
817 3246 921 3317 poscit:

192 3331 265 3384 Ense
277 3337 372 3384 secent
383 3332 440 3385 lato
453 3332 559 3399 volnus,
570 3332 673 3400 telique
686 3333 820 3388 latebram

193 3419 364 3472 Rescindant
377 3419 494 3485 penitus.
506 3435 619 3487 seseque
632 3419 660 3472 in
673 3420 745 3474 bella
757 3422 909 3476 remittant.

193 3504 306 3572 lamque
318 3503 414 3556 aderat
426 3503 541 3558 Phoebo
553 3511 618 3559 aute
630 3506 698 3560 alios
710 3507 827 3562 dilectus
839 3507 913 3578 lepis
