2706 3938
436 205 573 256 vuuulnl
596 207 760 257 Anunlnos
783 209 826 258 VI.

129 363 182 418 Nee
195 382 262 433 puer
275 367 359 422 Iliaca
372 368 515 436 quisquam
528 367 657 437 degente
670 368 785 424 Latinos

128 450 157 504 ln
169 458 273 506 tantum
286 471 334 522 spe
346 454 428 508 tollet
440 471 514 523 avos,
528 472 580 510 nee
593 455 711 510 Romula
723 457 861 526 quondam

128 538 185 593 Ullo
197 558 226 594 se
238 547 347 595 tantum
360 541 442 596 tellus
454 543 570 598 iactabit
582 543 701 598 alumno.

126 625 182 680 Heu
194 629 290 696 pietas,
306 629 359 682 heu
372 629 462 697 prisea
475 628 550 698 fides,
566 629 725 699 invictaque
738 631 810 686 bello

125 712 256 770 Dexterai
277 733 335 769 nou
347 715 387 768 illi
402 733 431 770 se
444 717 586 786 quisquam
600 717 713 785 impune
725 718 834 773 tulisset

125 801 223 856 Obvius
236 811 351 870 armato,
367 819 415 856 seu
429 820 489 856 eum
503 803 651 872 pedesirei
664 805 693 858 in
705 804 823 874 hostem,

124 890 172 944 Seu
184 894 338 961 spumantis
351 895 412 963 equi
425 893 533 948 foderet
546 892 696 947 ementibus
708 909 808 947 armos.

123 976 186 1045 Heu,
200 979 356 1034 miserande
370 982 450 1049 pueri
473 981 496 1034 si
511 996 565 1048 qua
577 979 636 1033 fata
648 995 744 1047 aspera
756 996 875 1049 rumpas,

121 1063 158 1118 Tu
169 1066 315 1122 Marcellus
327 1068 388 1122 eris.
427 1067 554 1121 Manibus
568 1065 632 1120 date
644 1065 703 1120 lilia
715 1065 811 1134 plenis,

120 1151 271 1223 Purpureos
284 1172 411 1224 spargam
424 1155 513 1222 flores,
529 1153 703 1221 animamque
715 1154 826 1221 nepotis

120 1239 166 1294 His
177 1243 276 1297 saltem
288 1243 457 1297 seeumulem
470 1243 558 1312 donis,
574 1246 602 1296 et
614 1241 716 1308 fungar
728 1241 805 1294 inani

119 1327 254 1386 Munere.”
296 1330 339 1384 Sia
352 1337 411 1384 tota
422 1332 522 1400 passim
539 1330 649 1398 regione
663 1334 798 1396 vagantur

118 1415 193 1470 Auris
204 1419 234 1471 in
247 1420 356 1486 eampis
367 1419 438 1487 latis,
453 1425 535 1488 atque
548 1419 641 1474 omniu
655 1417 782 1470 lustrant.

118 1501 188 1566 Quae
199 1513 350 1574 postquam
365 1506 500 1560 Anchises
513 1511 607 1560 natum
622 1522 671 1574 per
685 1503 793 1572 singula
805 1503 890 1574 duxit,

116 1588 294 1662 Incenditque
306 1594 428 1646 animum
441 1593 530 1648 famae
542 1593 680 1648 venientis
692 1607 793 1659 amore,

115 1675 183 1732 Exin
194 1679 268 1734 bella
282 1680 343 1734 viro
355 1686 492 1734 memorat
505 1697 575 1750 quae
590 1679 689 1734 deinde
702 1677 830 1747 gerenda,

115 1763 311 1838 Laurentisque
324 1767 406 1822 docet
418 1769 535 1837 populos
548 1769 699 1837 urbemque
715 1764 814 1833 Latini,

114 1850 147 1906 Et
158 1871 210 1923 quo
224 1871 364 1925 quemque
377 1855 460 1909 modo
472 1856 617 1924 fugiatque
630 1855 755 1924 feratque
768 1853 900 1906 laborem.

146 1940 213 1997 Sunt
225 1943 354 2011 geminae
367 1943 462 1997 Somni
475 1949 580 2012 portae,
596 1959 711 2011 quarum
724 1940 811 1994 altera
824 1941 912 1994 fertur

115 2027 223 2099 Cornea,
239 2047 295 2100 qua
308 2030 381 2083 veris
392 2030 484 2084 facilis
497 2029 579 2084 datur
592 2031 682 2084 exitus
695 2031 823 2099 Umbris3

114 2115 205 2170 Altera
217 2117 350 2172 candenti
363 2117 488 2186 perfecta
500 2117 592 2172 nitens
605 2117 761 2186 elephanto,

115 2201 163 2256 Sed
174 2205 247 2259 falsa
259 2205 295 2259 sd
309 2205 417 2258 eaelum
430 2205 544 2258 mittunt
558 2205 696 2259 insomnia
707 2205 810 2262 Manes.

114 2288 160 2343 His
172 2293 217 2345 ubi
230 2299 291 2345 tum
304 2296 402 2346 natum
415 2291 553 2345 Anchises
567 2308 676 2360 unaque
688 2292 820 2361 Sibyllam

113 2373 288 2448 Prosequitur·
301 2378 390 2446 dictis,
405 2384 539 2447 portaque
554 2380 658 2434 emittit
670 2380 782 2449 eburna,

113 2459 158 2518 Ille
170 2467 241 2520 viam
256 2471 333 2520 secat
346 2465 380 2519 ad
393 2466 471 2518 navis
485 2466 626 2534 sociosque
640 2468 752 2536 revisit3

113 2548 175 2604 Tum
187 2571 216 2606 se
228 2552 264 2607 sd
278 2553 391 2606 Caietae
403 2559 481 2607 reeto
494 2553 549 2606 fert
562 2553 645 2608 litore
658 2559 778 2622 portum.

112 2636 217 2694 Ancora
230 2639 265 2694 de
281 2655 367 2708 prora
378 2639 478 2693 iacitur
490 2658 496 2707 3
518 2644 592 2696 stant
607 2640 689 2694 litore
702 2658 816 2710 puppes.
