2730 3936
458 219 595 270 vultam
618 221 806 272 GEORGIOON
829 222 875 272 lv.

149 382 301 438 Exsultans
313 398 406 437 rorem
418 381 475 436 lats
487 382 620 452 dispergit
632 399 764 436 amarum.

150 469 289 523 Sternunt
301 486 331 523 se
343 487 440 524 somno
453 470 579 524 diversae
592 470 621 523 in
635 470 717 523 litore
730 470 852 540 phooae;

149 557 222 625 Ipse,
236 557 315 610 velut
327 557 427 611 stabuli
441 561 532 612 eustos
545 557 574 610 in
591 557 732 611 montibus
743 557 818 627 olim,

149 644 262 714 Vesper
274 645 322 698 ubi
336 661 351 698 e
363 650 444 714 pastu
458 644 559 698 vitulos
571 644 606 698 ad
619 649 693 698 teeta
704 645 814 699 reducit

150 731 319 800 Auditisque
330 731 410 801 lupos
423 737 525 786 acuunt
537 731 673 786 balatibus
685 732 758 800 agni,

150 818 281 872 Considit
294 819 407 887 scopulo
419 819 534 887 medius,
548 835 749 888 numerumque
762 825 895 876 recenset.

151 905 240 960 Onius
253 906 380 960 Aristaeo
393 907 523 976 quoniam
536 911 579 960 est
592 905 686 960 oblata
699 906 824 974 facultas,

150 993 210 1047 Vix
224 993 330 1047 defessa
342 1010 435 1047 senem
448 1011 543 1064 passus
556 1009 722 1072 componere
734 996 867 1063 membra,

151 1081 224 1136 (lum
238 1081 357 1136 elamore
369 1083 425 1136 ruit
437 1099 545 1151 magno,
560 1083 730 1153 manicisque
742 1085 877 1139 iacentem

151 1169 288 1238 Ooaupat.
325 1169 375 1222 Ille
385 1187 448 1224 snae
461 1176 559 1224 eontra
570 1187 626 1224 uon
642 1172 788 1226 immemor
799 1173 867 1226 artis

151 1256 256 1310 Omnia
266 1257 446 1312 transformat
457 1275 516 1313 sese
527 1259 558 1312 in
572 1260 704 1314 miraeula
716 1277 818 1327 rerum,

151 1343 310 1413 Ignemque‚
324 1344 539 1415 horribilemque
550 1346 645 1416 feram,
659 1346 828 1417 fluviumque
840 1348 1001 1417 liquentem.

153 1431 262 1484 Verum
275 1431 322 1484 nbi
336 1431 411 1486 nulla
422 1434 515 1502 fugam
528 1436 631 1504 reperit
643 1435 759 1504 fallaeia,
773 1435 863 1489 vietus

151 1518 186 1572 In
199 1535 259 1572 sese
271 1518 350 1586 redit,
366 1526 447 1588 atque
459 1519 580 1574 hominis
592 1523 704 1577 tandem
718 1539 766 1576 ore
778 1523 900 1576 loeutus:

153 1605 257 1659 “Nam
269 1605 377 1675 quista,
392 1606 523 1661 iuvenum
536 1609 775 1679 eonfidentissime,
789 1615 899 1664 nostras

151 1693 237 1747 Iussit
249 1693 324 1747 adire
336 1693 451 1760 domos?
470 1696 570 1766 quidve
582 1696 648 1752 hine
660 1698 731 1766 petis
746 1698 776 1752 1”
795 1699 894 1767 iuquit.
932 1700 972 1751 At
983 1698 1046 1753 ille:

153 1784 172 1810 “
182 1780 250 1848 Sais,
264 1780 375 1850 Proteu,
391 1783 443 1836 sois
455 1784 528 1854 ipse;
548 1801 639 1854 neque
652 1790 694 1838 est
706 1789 736 1838 to
748 1785 843 1840 fallere
855 1785 1017 1854 quiequam

151 1870 209 1924 Sed
221 1874 252 1923 tu
265 1870 358 1924 desine
370 1871 449 1926 velle.
486 1871 576 1926 Deum
589 1878 740 1942 praesepta
752 1873 838 1926 seouti

151 1957 297 2028 Venimus,
311 1959 377 2014 hine
389 1959 467 2013 lassis
480 1959 631 2028 quaesitum
646 1959 757 2014 oraonla
769 1959 878 2014 rebus‚”

151 2047 272 2102 Tantum
285 2048 392 2102 effatus.
430 2047 476 2101 Ad
489 2048 558 2102 haee
570 2052 648 2102 vates
661 2048 687 2101 vi
699 2047 818 2116 denique
831 2047 919 2102 multa

151 2135 288 2190 Ardentis
300 2134 393 2190 oeulos
406 2136 516 2190 intorsit
528 2136 632 2190 lumine
644 2136 749 2203 glauco,

150 2221 188 2277 Et
200 2224 322 2292 graviter
334 2223 466 2279 frendens
479 2222 518 2277 sie
530 2221 595 2276 fatis
607 2239 656 2276 ora
667 2222 797 2276 resolvit:

188 2311 206 2339 “
216 2309 283 2364 Non
294 2316 323 2365 te
335 2310 436 2365 nullius
448 2314 578 2364 exereent
591 2309 712 2363 numinis
723 2311 798 2376 irae;

150 2395 253 2466 Magna
264 2397 318 2451 luis
331 2399 490 2452 commissa:
511 2397 564 2451 tibi
576 2397 626 2451 has
638 2397 801 2452 miserabilia
815 2398 942 2467 Orpheus

152 2485 236 2542 Haud
249 2503 384 2557 quaquam
398 2488 433 2542 ob
447 2488 575 2542 meritum
587 2501 697 2554 poenae,
710 2486 741 2538 ni
753 2485 811 2540 fata
824 2486 961 2554 resistant,

152 2573 281 2644 Suseitat,
296 2583 325 2628 et
338 2581 418 2643 rapta
429 2575 550 2644 graviter
563 2587 615 2642 pro
629 2572 746 2641 coniuge
758 2573 853 2626 saevit.

151 2660 202 2715 Illa
215 2661 334 2730 quidem,
349 2662 413 2715 dum
426 2668 454 2716 te
466 2663 576 2732 fugeret
589 2679 639 2731 per
650 2660 764 2713 fiumina
776 2677 914 2728 praeceps,

150 2747 306 2802 Immunem
320 2754 384 2803 aute
396 2749 480 2818 pedes
491 2750 612 2817 hydrum
625 2749 761 2803 moritura
772 2747 863 2816 puella

151 2834 315 2890 servantem
328 2837 402 2905 ripas
414 2837 470 2891 alta
482 2853 539 2890 non
551 2837 623 2891 vidit
634 2837 664 2890 in
676 2836 771 2890 herba.

151 2924 192 2976 At
203 2923 306 2977 chorus
319 2924 439 2992 aequalis
451 2923 595 2991 Dryadum
608 2924 729 2978 elamore
737 2939 881 2991 supremos

150 3009 306 3079 Impleruut
318 3011 436 3080 montis3
456 3011 557 3066 fierunt
569 3011 749 3080 Rhodopeiae
762 3027 846 3079 eroes,

150 3097 272 3168 Altaque
284 3097 465 3168 Pangaesqet
478 3099 562 3152 Rhesi
575 3098 712 3154 Mavortia
724 3098 816 3166 tellus,

151 3185 245 3255 Atque
259 3185 355 3254 Getae,
370 3192 453 3256 atque
466 3185 583 3254 Hebms‚
599 3192 627 3241 et
640 3186 737 3240 Antias
750 3185 887 3253 Orithyia

150 3273 221 3342 ipse,
235 3291 305 3328 aava
317 3273 409 3327 solans
422 3289 534 3340 aegrum
546 3274 683 3327 testudine
696 3289 827 3341 amorem,

151 3359 196 3430 Te,
210 3361 298 3415 duleis
311 3361 441 3425 coniunx,
455 3366 485 3414 te
498 3361 598 3414 soloin
611 3360 691 3415 litore
704 3377 804 3428 seeum,

151 3447 188 3502 Te
200 3449 331 3503 veniente
344 3448 397 3516 die,
412 3453 441 3500 te
454 3447 603 3502 decedente
616 3449 740 3502 canebat.

151 3533 298 3590 Taenarias
310 3537 395 3589 etiam
407 3535 509 3588 laneas.
524 3535 581 3589 alta
593 3537 665 3589 ostia
676 3534 756 3596 Ditis,
