2656 3940
510 213 648 263 VERGILI
672 213 837 262 Aruernos
859 213 903 263 IX.

196 376 305 432 Fertilis
319 375 459 431 Ausoniae
472 374 565 430 Troes.
605 375 676 429 Sunt
689 379 717 429 et
729 392 791 430 mea
803 381 901 430 contre

195 465 266 519 Fata
278 465 355 534 mihi,
369 464 443 518 ferro
456 463 617 518 sceleratam
631 463 792 516 exscindere
804 468 922 531 gentem,

196 551 319 620 Coniuge
331 556 493 620 praerepte3
514 567 566 604 neo
578 550 652 604 solos
664 549 755 617 tengit
767 550 881 603 Atrides

194 638 251 692 Iste
263 638 349 706 dolor,
365 637 484 706 solisque
497 638 561 691 licet
574 653 673 707 cepere
686 653 763 691 erma
774 636 906 705 Mycenis.

196 733 213 753 ⁸·
224 724 278 778 Sed
291 726 403 813 periisse
416 724 501 778 semel
514 725 581 777 setis
593 730 636 778 est
644 724 671 778 :”
690 741 805 792 peccare
817 725 917 778 fuisset

195 813 271 865 Ante
284 813 359 880 satlg
371 811 482 880 penitus
494 811 578 864 modo
592 827 649 864 non
663 827 750 878 genus
764 827 846 866 omne
858 828 972 880 perosos

195 899 371 965 Femineum3
393 898 492 966 quibus
505 898 573 952 baec
587 899 672 953 medii
686 898 786 953 fiducia
798 899 864 953 valli

194 986 394 1054 Fosserumque
407 1002 508 1054 morae,
525 986 575 1040 leti
589 986 748 1040 discrimina
759 1003 852 1056 parva,

194 1073 271 1127 Dent
283 1074 398 1129 enimes.
436 1073 477 1126 At
489 1089 545 1127 non
560 1074 690 1128 viderunt
702 1076 812 1129 moenia
823 1075 922 1129 Troiae

194 1161 320 1231 Neptuni
331 1161 467 1215 febriente
479 1178 562 1216 manu
577 1163 719 1217 considere
731 1163 760 1216 in
772 1163 864 1231 igniri

195 1248 250 1302 Sed
261 1265 319 1317 vos,
334 1249 436 1316 electi,
450 1249 525 1302 ferro
539 1250 599 1318 quis
613 1250 737 1304 scindere
749 1250 852 1304 vellum

193 1338 320 1407 Apparet
332 1343 361 1391 et
373 1355 483 1392 mecum
497 1339 603 1392 invadit
615 1339 784 1408 trepidantia
796 1339 904 1392 castret

194 1424 260 1479 Non
273 1426 356 1478 armis
367 1426 437 1478 mihi
450 1425 576 1494 Volcani,
592 1442 648 1479 non
661 1426 737 1480 mille
750 1426 850 1480 cerinis

194 1511 245 1566 Est
258 1514 367 1582 opusin
380 1513 508 1568 Teucros.
547 1513 662 1567 Addent
674 1531 703 1566 se
715 1514 841 1583 protinus
854 1528 949 1566 omnes
980 1512 983 1521 '

195 1599 305 1654 Etrusci
319 1601 414 1655 socios.
455 1601 593 1655 Tenebras
605 1606 634 1654 et
645 1601 746 1660 inertia
757 1601 834 1654 furta

194 1686 320 1755 Palladii,
334 1689 421 1741 caesis
434 1705 557 1742 summae
571 1689 731 1743 custodibus
744 1688 821 1754 areis,

195 1773 239 1827 Ne
252 1775 385 1843 timeant3
406 1792 457 1829 nec
470 1777 533 1845 equi
546 1793 627 1830 caeca
639 1776 790 1830 condemur
802 1775 832 1828 in
845 1774 922 1828 alvo:

194 1861 275 1930 Luce,
290 1864 389 1931 pelam,
405 1870 511 1917 certum
525 1869 567 1918 est
578 1865 635 1932 igni
649 1864 819 1918 circumdare
832 1879 934 1917 muros.

196 1949 277 2004 Haud
290 1951 342 2005 sibi
355 1969 417 2005 cum
430 1952 536 2006 Danais
547 1969 605 2005 rem
618 1951 682 2005 sexo
696 1957 724 2005 et
736 1952 810 2021 pube
822 1950 939 2018 Pelasga

194 2035 263 2092 Esse
275 2044 382 2107 putent,
399 2039 535 2093 decimum
549 2056 618 2108 quos
630 2039 738 2092 distulit
752 2038 857 2092 Hector
869 2038 898 2090 in
911 2053 1023 2091 annum.

195 2123 277 2179 Nune
290 2126 367 2192 adeo,
382 2126 480 2180 melior
494 2127 624 2195 quoniam
636 2144 701 2196 pers
714 2133 776 2182 ecta
788 2125 851 2193 dici,

195 2211 276 2277 Quod
290 2219 421 2281 superest,
435 2213 499 2266 laeti
513 2214 584 2267 bene
597 2215 682 2283 gestis
695 2231 812 2284 corpora
824 2213 906 2267 rebus

194 2300 354 2370 Procurate,
370 2301 429 2369 viri,
446 2306 474 2355 et
487 2319 606 2370 pugnem
621 2307 729 2370 sperate
743 2301 862 2370 perari.’'

229 2388 342 2443 Interes
353 2388 466 2458 vigilum
482 2390 606 2443 excubiis
620 2389 745 2443 obsidere
757 2389 853 2459 portas

195 2475 269 2529 Oura
281 2475 363 2529 detur
375 2474 511 2545 Messapo,
525 2482 554 2530 et
565 2477 675 2530 moenia
688 2478 797 2546 cingere
809 2477 936 2531 flammis.

195 2561 243 2614 Bis
256 2567 361 2631 septem
376 2562 479 2632 Rutuli,
495 2581 588 2618 muros
603 2565 650 2633 qui
663 2563 749 2617 milite
762 2569 879 2631 servent,

195 2648 319 2717 Delecti3
340 2655 382 2704 ast
397 2650 460 2704 illos
474 2652 582 2704 centeni
596 2667 733 2721 quemque
746 2656 898 2720 sequnntur

195 2735 331 2805 Purpurei
345 2738 434 2791 cristis
446 2738 560 2791 iuvenes
574 2755 695 2808 auroque
708 2739 824 2792 corusci.

195 2823 369 2890 Discurrunt,
387 2825 549 2894 variantque
562 2827 643 2892 vices,
658 2827 767 2895 fusique
779 2843 829 2894 per
841 2827 958 2881 herbam

195 2911 344 2978 Indulgent
358 2911 430 2976 vino,
446 2917 473 2964 et
487 2916 600 2965 vertunt
613 2918 734 2966 crateras
747 2920 840 2968 aenos.

196 2997 350 3052 Conlucent
363 2998 453 3066 ignes3
474 3005 584 3052 noctem
597 2998 724 3054 custodie
736 3000 813 3054 ducit

196 3082 354 3137 Inscmnem
367 3084 440 3138 ludo.

232 3167 307 3224 Haec
321 3187 402 3238 super
415 3187 429 3224 e
443 3171 516 3225 vallo
529 3177 707 3241 prospectent
720 3174 812 3243 Troes,
828 3179 856 3229 et
868 3176 951 3230 armis

196 3254 264 3307 Alta
275 3259 372 3309 tenent
382 3275 388 3323 3
408 3273 460 3311 neo
473 3275 530 3311 non
542 3260 643 3328 trepidi
654 3261 804 3334 ¹formidine
816 3267 913 3330 portes

195 3339 357 3408 Explorant,
371 3345 518 3411 pontisque
531 3350 559 3398 et
570 3347 778 3414 propugnacula
790 3349 915 3416 iungunt,

196 3425 262 3479 Tele
273 3433 380 3493 gerunt.
418 3429 527 3483 Instant
540 3431 698 3486 Mnestheus
711 3451 829 3503 acerque
842 3434 976 3504 Serestus,

198 3513 272 3577 Quos
285 3516 366 3580 pater
378 3512 494 3584 Aeuees,
510 3517 533 3569 si
546 3518 656 3585 quando
669 3520 785 3574 adverse
797 3527 937 3591 vocarent,
