2706 3938
509 208 647 259 VERGILI
669 209 835 258 AENElDOS
857 207 901 256 Vl.

199 372 287 438 Quem
300 371 349 424 tibi
362 370 498 439 longaevo
511 387 601 424 serum
615 370 729 424 Lavinia
742 369 863 423 coniunx

198 457 305 511 Educet
318 457 392 510 silvis
404 473 498 526 regem
511 474 661 525 regumque
675 463 817 525 parentem
829 476 835 518 ;

199 543 278 597 Unde
291 561 376 612 genus
389 544 484 612 Longa
496 550 621 597 nostrum
634 544 822 597 dominabitur
836 543 916 597 Alba.

198 630 344 684 Proximus
359 631 403 685 ille
418 631 526 698 Procas,
541 631 675 684 Troianae
688 632 776 700 gloria
788 631 885 698 gentis,

198 718 234 771 Et
247 719 345 787 Capys,
361 725 389 771 et
402 718 539 784 Numitor,
556 724 584 771 et
597 719 683 786 quite
696 719 808 771 nomine
821 717 925 777 reddet,

198 806 298 860 Silvius
311 806 428 868 Aeneas,
443 806 548 874 pariter
560 805 664 873 pietate
678 805 722 858 vel
735 807 818 859 armis

197 893 338 962 Egregius,
354 894 375 946 si
390 910 517 961 nmquam
531 893 700 960 regnandam
713 892 851 960 acceperit
864 891 974 946 Albam.

198 980 252 1045 Qui
264 981 391 1035 iuvenes!
413 987 529 1050 quantas
541 985 691 1047 ostentant,
708 979 808 1048 aspice,
824 967 913 1044 viris,'

198 1067 290 1136 Atque
302 1069 429 1122 umbrata
441 1074 540 1137 gerunt
553 1067 627 1120 civili
640 1073 767 1135 tempora
780 1067 896 1135 quercu!

199 1155 234 1207 Hi
246 1157 297 1210 tibi
311 1156 479 1210 Nomentum
494 1163 522 1209 et
535 1156 638 1209 Gabios
652 1155 804 1222 urbemque
818 1153 957 1219 Fidenam,

199 1242 233 1295 Hi
248 1243 399 1298 Collatinas
411 1244 554 1312 imponent
567 1243 708 1296 montibus
719 1257 803 1307 arces,

197 1332 337 1385 Pometios
350 1332 532 1400 Castrumque
545 1331 607 1384 lnui
621 1330 772 1398 Bolamque
786 1327 949 1397 Coramque.

198 1418 273 1472 Haec
286 1424 344 1471 tum
358 1420 471 1472 nomina
483 1424 571 1487 erunt,
588 1434 660 1470 nunc
675 1426 739 1470 sunt
752 1417 810 1470 sine
822 1416 932 1470 nomine
946 1427 1043 1471 terrae.

198 1505 271 1570 Quin
285 1511 314 1559 et
325 1522 377 1558 avo
390 1507 519 1560 comitem
532 1523 591 1560 sese
605 1506 757 1560 Mavortius
772 1503 855 1558 addet

197 1593 338 1658 Romulus,
353 1593 480 1646 Assaraci
494 1611 575 1662 quem
589 1594 728 1660 sanguinis
742 1592 795 1647 ilia
809 1599 898 1646 mater

197 1679 312 1733 Educet.
351 1679 460 1747 Viden',
476 1688 506 1734 ut
518 1682 645 1749 geminae
661 1686 735 1736 stant
748 1683 852 1737 vertice
865 1684 971 1750 cristae,

197 1767 234 1820 Et
247 1777 323 1835 pater
335 1768 393 1835 ipse
406 1785 456 1820 suo
468 1785 596 1836 superum
611 1769 664 1821 iam
679 1770 770 1837 signat
785 1770 891 1824 honore
904 1771 914 1825 i

197 1854 248 1920 En,
264 1855 348 1921 huius,
365 1862 435 1923 nate,
451 1855 577 1924 arispiciis
590 1855 637 1908 illa
650 1855 755 1910 incluta
768 1857 856 1912 Roma

198 1941 346 2010 Imperium
359 1944 448 2006 terris,
464 1944 571 1998 animos
584 1944 713 2012 aequabit
726 1944 854 2014 Olympo,

198 2028 363 2097 Septemque
375 2047 431 2083 una
444 2031 495 2084 sibi
508 2047 588 2084 muro
603 2031 787 2086 circumdabit
800 2049 885 2100 arceo,

198 2115 273 2169 Felix
288 2117 364 2184 prole
377 2117 483 2170 virum:
505 2118 592 2186 qualis
605 2118 773 2186 Berecyntia
785 2127 875 2175 mater

197 2203 342 2256 Invehitur
355 2221 437 2258 curru
451 2204 585 2274 Phrygias
598 2206 700 2260 turrita
712 2224 762 2275 per
776 2209 865 2276 urbes,

196 2290 281 2344 Laeta
293 2290 373 2344 deum
386 2300 476 2360 partu,
491 2299 601 2346 centurn
616 2296 759 2361 complexa
773 2302 896 2366 nepotes,
933 2313 936 2320 ’

198 2376 294 2430 Omnis
306 2378 457 2447 caelicolas,
472 2381 561 2433 omnis
574 2398 673 2448 supera
687 2383 743 2437 alta
755 2385 884 2438 tenentis.

198 2464 259 2517 Huc
271 2470 394 2532 geminas
407 2484 479 2520 nune
491 2467 571 2521 flecte
585 2471 665 2538 acies,
682 2470 753 2524 hanc
766 2473 857 2540 aspice
870 2476 980 2540 gentem

198 2551 392 2621 Romanosque
405 2558 475 2607 tuos.
513 2555 566 2609 Hic
580 2555 680 2610 ansar
693 2564 721 2611 et
734 2559 823 2612 omnis
835 2558 888 2612 luli

197 2637 353 2706 Progenies,
368 2657 498 2708 magnum
511 2641 580 2696 caeli
596 2649 713 2699 ventura
726 2646 776 2700 sub
789 2662 877 2700 axem.

198 2724 250 2778 Hic
263 2727 312 2792 vir,
327 2726 371 2779 hic
384 2733 432 2794 est,
447 2728 498 2780 tibi
511 2745 590 2796 quem
605 2732 730 2798 promitti
744 2735 852 2801 saepius
865 2731 951 2800 audis,

199 2812 339 2881 Augustus
352 2813 460 2883 Caesar,
475 2815 540 2869 Divi
553 2835 647 2885 genus,
666 2835 750 2873 aurea
762 2820 863 2873 condet

198 2900 312 2954 Saecula
324 2902 371 2969 qui
382 2918 477 2956 rursus
489 2903 569 2958 Latio
583 2912 698 2973 regnata
710 2923 759 2974 per
772 2924 838 2962 arva

198 2988 316 3043 Saturno
329 2989 475 3058 quondam,
492 2998 614 3061 superet
627 2993 808 3048 Garamantas
821 3002 849 3048 et
862 2994 946 3048 Indos

197 3074 322 3128 Proferet
335 3077 496 3146 imperium,
517 3080 589 3134 iacet
602 3086 682 3134 extra
695 3081 786 3134 sidera
797 3082 887 3149 tellus,

197 3160 283 3215 Extra
296 3166 361 3216 anni
376 3164 495 3234 solisque
508 3168 574 3235 vius,
589 3168 634 3220 ubi
649 3169 759 3222 caelifer
772 3170 853 3223 Atlas

198 3250 287 3302 Axem
301 3267 396 3304 umero
409 3260 520 3321 torquet
534 3254 621 3308 stellis
635 3255 796 3309 ardentibus
809 3263 914 3326 aptum.

198 3335 286 3390 Huius
298 3338 327 3390 in
341 3339 490 3393 adventum
504 3341 557 3394 iam
571 3349 686 3395 nuncet
700 3341 800 3411 Caspia
812 3359 897 3411 regna

198 3422 347 3492 Responsis
360 3426 474 3480 horrent
486 3427 578 3482 divom
593 3433 622 3482 et
635 3427 755 3483 Maeotia
767 3429 857 3498 tellus,

197 3510 234 3563 Et
246 3513 453 3582 septemgemini
465 3515 580 3569 turbant
593 3515 700 3582 trepida
712 3517 782 3570 ostia
795 3516 862 3571 Nili.
