<?xml version="1.0" encoding="UTF-8"?>
<!DOCTYPE html PUBLIC "-//W3C//DTD XHTML 1.0 Transitional//EN"
    "http://www.w3.org/TR/xhtml1/DTD/xhtml1-transitional.dtd">
<html xmlns="http://www.w3.org/1999/xhtml" xml:lang="en" lang="en">
 <head>
  <title>
</title>
<meta http-equiv="Content-Type" content="text/html;charset=utf-8" />
  <meta name='ocr-system' content='tesseract 3.04.00' />
  <meta name='ocr-capabilities' content='ocr_page ocr_carea ocr_par ocr_line ocrx_word'/>
</head>
<body>
  <div class='ocr_page' id='page_1' title='image "./arevisedtextpoe00virggoog_0263.png"; bbox 0 0 2706 3938; ppageno 0'>
   <div class='ocr_carea' id='block_1_1' title="bbox 462 219 868 273">
    <p class='ocr_par' dir='ltr' id='par_1_1' title="bbox 462 219 868 273">
     <span class='ocr_line' id='line_1_1' title="bbox 462 219 868 273; baseline 0.002 -3"><span class='ocrx_word' id='word_1_1' title='bbox 462 221 599 271; x_wconf 77' lang='lat' dir='ltr'><strong>VERGILI</strong></span> <span class='ocrx_word' id='word_1_2' title='bbox 622 219 787 270; x_wconf 77' lang='lat' dir='ltr'>AENEIDOS</span> <span class='ocrx_word' id='word_1_3' title='bbox 810 221 868 273; x_wconf 89' lang='lat' dir='ltr'>Vll.</span> 
     </span>
    </p>
   </div>
   <div class='ocr_carea' id='block_1_2' title="bbox 152 384 1032 3596">
    <p class='ocr_par' dir='ltr' id='par_1_2' title="bbox 152 384 775 452">
     <span class='ocr_line' id='line_1_2' title="bbox 152 384 775 452; baseline -0.005 -13"><span class='ocrx_word' id='word_1_4' title='bbox 152 385 331 439; x_wconf 85' lang='lat' dir='ltr'>Horrendum</span> <span class='ocrx_word' id='word_1_5' title='bbox 345 385 422 439; x_wconf 88' lang='lat' dir='ltr'>silvis</span> <span class='ocrx_word' id='word_1_6' title='bbox 435 389 463 438; x_wconf 94' lang='lat' dir='ltr'>et</span> <span class='ocrx_word' id='word_1_7' title='bbox 476 384 608 452; x_wconf 88' lang='lat' dir='ltr'>religione</span> <span class='ocrx_word' id='word_1_8' title='bbox 621 389 775 452; x_wconf 88' lang='lat' dir='ltr'>parentum.</span> 
     </span>
    </p>

    <p class='ocr_par' dir='ltr' id='par_1_3' title="bbox 153 471 867 542">
     <span class='ocr_line' id='line_1_3' title="bbox 153 471 867 542; baseline -0.001 -17"><span class='ocrx_word' id='word_1_9' title='bbox 153 473 206 526; x_wconf 90' lang='lat' dir='ltr'>Hic</span> <span class='ocrx_word' id='word_1_10' title='bbox 218 480 330 542; x_wconf 87' lang='lat' dir='ltr'>sceptra</span> <span class='ocrx_word' id='word_1_11' title='bbox 342 474 466 541; x_wconf 86' lang='lat' dir='ltr'>accipere</span> <span class='ocrx_word' id='word_1_12' title='bbox 480 477 507 525; x_wconf 92' lang='lat' dir='ltr'>et</span> <span class='ocrx_word' id='word_1_13' title='bbox 519 472 623 541; x_wconf 89' lang='lat' dir='ltr'>primos</span> <span class='ocrx_word' id='word_1_14' title='bbox 637 471 764 524; x_wconf 81' lang='lat' dir='ltr'>attollere</span> <span class='ocrx_word' id='word_1_15' title='bbox 776 471 867 525; x_wconf 82' lang='lat' dir='ltr'>fasces</span> 
     </span>
    </p>

    <p class='ocr_par' dir='ltr' id='par_1_4' title="bbox 152 558 848 628">
     <span class='ocr_line' id='line_1_4' title="bbox 152 558 848 628; baseline -0.004 -15"><span class='ocrx_word' id='word_1_16' title='bbox 152 560 276 628; x_wconf 83' lang='lat' dir='ltr'>Regibus</span> <span class='ocrx_word' id='word_1_17' title='bbox 290 576 373 613; x_wconf 90' lang='lat' dir='ltr'>omen</span> <span class='ocrx_word' id='word_1_18' title='bbox 386 564 460 624; x_wconf 75' lang='lat' dir='ltr'>erat3</span> <span class='ocrx_word' id='word_1_19' title='bbox 482 559 535 613; x_wconf 88' lang='lat' dir='ltr'>hoc</span> <span class='ocrx_word' id='word_1_20' title='bbox 547 558 603 612; x_wconf 86' lang='lat' dir='ltr'>illis</span> <span class='ocrx_word' id='word_1_21' title='bbox 617 559 692 611; x_wconf 89' lang='lat' dir='ltr'>curia</span> <span class='ocrx_word' id='word_1_22' title='bbox 705 558 848 626; x_wconf 88' lang='lat' dir='ltr'>templum,</span> 
     </span>
    </p>

    <p class='ocr_par' dir='ltr' id='par_1_5' title="bbox 152 645 775 714">
     <span class='ocr_line' id='line_1_5' title="bbox 152 645 775 714; baseline -0.002 -16"><span class='ocrx_word' id='word_1_23' title='bbox 152 646 213 700; x_wconf 85' lang='lat' dir='ltr'>Hae</span> <span class='ocrx_word' id='word_1_24' title='bbox 226 647 311 700; x_wconf 85' lang='lat' dir='ltr'>saeris</span> <span class='ocrx_word' id='word_1_25' title='bbox 323 645 401 699; x_wconf 87' lang='lat' dir='ltr'>sedes</span> <span class='ocrx_word' id='word_1_26' title='bbox 413 645 516 714; x_wconf 84' lang='lat' dir='ltr'>epulis;</span> <span class='ocrx_word' id='word_1_27' title='bbox 537 645 582 699; x_wconf 92' lang='lat' dir='ltr'>hic</span> <span class='ocrx_word' id='word_1_28' title='bbox 595 645 681 698; x_wconf 88' lang='lat' dir='ltr'>ariete</span> <span class='ocrx_word' id='word_1_29' title='bbox 695 660 775 698; x_wconf 87' lang='lat' dir='ltr'>caeso</span> 
     </span>
    </p>

    <p class='ocr_par' dir='ltr' id='par_1_6' title="bbox 153 733 774 802">
     <span class='ocr_line' id='line_1_6' title="bbox 153 733 774 802; baseline 0 -16"><span class='ocrx_word' id='word_1_30' title='bbox 153 734 300 802; x_wconf 82' lang='lat' dir='ltr'>Perpetuis</span> <span class='ocrx_word' id='word_1_31' title='bbox 314 733 388 787; x_wconf 90' lang='lat' dir='ltr'>soliti</span> <span class='ocrx_word' id='word_1_32' title='bbox 402 738 494 802; x_wconf 92' lang='lat' dir='ltr'>patres</span> <span class='ocrx_word' id='word_1_33' title='bbox 508 733 650 787; x_wconf 90' lang='lat' dir='ltr'>considere</span> <span class='ocrx_word' id='word_1_34' title='bbox 664 733 774 786; x_wconf 83' lang='lat' dir='ltr'>mensis.</span> 
     </span>
    </p>

    <p class='ocr_par' dir='ltr' id='par_1_7' title="bbox 153 820 864 890">
     <span class='ocr_line' id='line_1_7' title="bbox 153 820 864 890; baseline -0.001 -16"><span class='ocrx_word' id='word_1_35' title='bbox 153 821 229 886; x_wconf 86' lang='lat' dir='ltr'>Quin</span> <span class='ocrx_word' id='word_1_36' title='bbox 242 822 326 875; x_wconf 89' lang='lat' dir='ltr'>etiam</span> <span class='ocrx_word' id='word_1_37' title='bbox 340 826 464 875; x_wconf 88' lang='lat' dir='ltr'>veterum</span> <span class='ocrx_word' id='word_1_38' title='bbox 477 820 581 890; x_wconf 86' lang='lat' dir='ltr'>effigies</span> <span class='ocrx_word' id='word_1_39' title='bbox 593 838 628 875; x_wconf 86' lang='lat' dir='ltr'>ex</span> <span class='ocrx_word' id='word_1_40' title='bbox 641 821 737 875; x_wconf 87' lang='lat' dir='ltr'>ordine</span> <span class='ocrx_word' id='word_1_41' title='bbox 750 837 864 874; x_wconf 89' lang='lat' dir='ltr'>avorum</span> 
     </span>
    </p>

    <p class='ocr_par' dir='ltr' id='par_1_8' title="bbox 153 908 842 978">
     <span class='ocr_line' id='line_1_8' title="bbox 153 908 842 978; baseline 0 -18"><span class='ocrx_word' id='word_1_42' title='bbox 153 908 280 978; x_wconf 84' lang='lat' dir='ltr'>Antiqua</span> <span class='ocrx_word' id='word_1_43' title='bbox 292 926 307 962; x_wconf 96' lang='lat' dir='ltr'>e</span> <span class='ocrx_word' id='word_1_44' title='bbox 321 909 411 977; x_wconf 86' lang='lat' dir='ltr'>cedro,</span> <span class='ocrx_word' id='word_1_45' title='bbox 427 908 566 977; x_wconf 79' lang='lat' dir='ltr'>Italusque</span> <span class='ocrx_word' id='word_1_46' title='bbox 579 914 712 977; x_wconf 83' lang='lat' dir='ltr'>paterque</span> <span class='ocrx_word' id='word_1_47' title='bbox 726 908 842 962; x_wconf 85' lang='lat' dir='ltr'>Sabinus</span> 
     </span>
    </p>

    <p class='ocr_par' dir='ltr' id='par_1_9' title="bbox 153 994 874 1064">
     <span class='ocr_line' id='line_1_9' title="bbox 153 994 874 1064; baseline -0.004 -15"><span class='ocrx_word' id='word_1_48' title='bbox 153 995 300 1064; x_wconf 88' lang='lat' dir='ltr'>Vitisator‚</span> <span class='ocrx_word' id='word_1_49' title='bbox 317 1013 429 1051; x_wconf 89' lang='lat' dir='ltr'>curvam</span> <span class='ocrx_word' id='word_1_50' title='bbox 442 1012 555 1050; x_wconf 86' lang='lat' dir='ltr'>servans</span> <span class='ocrx_word' id='word_1_51' title='bbox 569 996 619 1049; x_wconf 91' lang='lat' dir='ltr'>sub</span> <span class='ocrx_word' id='word_1_52' title='bbox 631 995 751 1064; x_wconf 79' lang='lat' dir='ltr'>imagine</span> <span class='ocrx_word' id='word_1_53' title='bbox 765 994 874 1063; x_wconf 71' lang='lat' dir='ltr'>idosrn,</span> 
     </span>
    </p>

    <p class='ocr_par' dir='ltr' id='par_1_10' title="bbox 153 1081 823 1152">
     <span class='ocr_line' id='line_1_10' title="bbox 153 1081 823 1152; baseline -0.004 -15"><span class='ocrx_word' id='word_1_54' title='bbox 153 1083 343 1152; x_wconf 82' lang='lat' dir='ltr'>Saturnusque</span> <span class='ocrx_word' id='word_1_55' title='bbox 357 1100 439 1138; x_wconf 87' lang='lat' dir='ltr'>senex</span> <span class='ocrx_word' id='word_1_56' title='bbox 452 1083 567 1152; x_wconf 89' lang='lat' dir='ltr'>Ianique</span> <span class='ocrx_word' id='word_1_57' title='bbox 580 1081 710 1136; x_wconf 73' lang='lat' dir='ltr'>bifrontis</span> <span class='ocrx_word' id='word_1_58' title='bbox 724 1083 823 1150; x_wconf 86' lang='lat' dir='ltr'>imago,</span> 
     </span>
    </p>

    <p class='ocr_par' dir='ltr' id='par_1_11' title="bbox 154 1169 839 1240">
     <span class='ocr_line' id='line_1_11' title="bbox 154 1169 839 1240; baseline -0.006 -15"><span class='ocrx_word' id='word_1_59' title='bbox 154 1171 305 1230; x_wconf 81' lang='lat' dir='ltr'>Vestibulo</span> <span class='ocrx_word' id='word_1_60' title='bbox 319 1171 453 1238; x_wconf 87' lang='lat' dir='ltr'>astabant,</span> <span class='ocrx_word' id='word_1_61' title='bbox 468 1171 568 1240; x_wconf 87' lang='lat' dir='ltr'>aliique</span> <span class='ocrx_word' id='word_1_62' title='bbox 581 1170 616 1223; x_wconf 87' lang='lat' dir='ltr'>ab</span> <span class='ocrx_word' id='word_1_63' title='bbox 633 1169 739 1236; x_wconf 83' lang='lat' dir='ltr'>origine</span> <span class='ocrx_word' id='word_1_64' title='bbox 754 1186 839 1237; x_wconf 84' lang='lat' dir='ltr'>reges,</span> 
     </span>
    </p>

    <p class='ocr_par' dir='ltr' id='par_1_12' title="bbox 153 1257 877 1327">
     <span class='ocr_line' id='line_1_12' title="bbox 153 1257 877 1327; baseline -0.001 -16"><span class='ocrx_word' id='word_1_65' title='bbox 153 1258 310 1327; x_wconf 87' lang='lat' dir='ltr'>Martiaque</span> <span class='ocrx_word' id='word_1_66' title='bbox 324 1259 359 1312; x_wconf 94' lang='lat' dir='ltr'>ob</span> <span class='ocrx_word' id='word_1_67' title='bbox 372 1260 489 1327; x_wconf 87' lang='lat' dir='ltr'>patriam</span> <span class='ocrx_word' id='word_1_68' title='bbox 504 1257 651 1326; x_wconf 89' lang='lat' dir='ltr'>pugnaudo</span> <span class='ocrx_word' id='word_1_69' title='bbox 668 1257 781 1310; x_wconf 89' lang='lat' dir='ltr'>volnera</span> <span class='ocrx_word' id='word_1_70' title='bbox 794 1257 877 1326; x_wconf 87' lang='lat' dir='ltr'>passi.</span> 
     </span>
    </p>

    <p class='ocr_par' dir='ltr' id='par_1_13' title="bbox 152 1343 829 1414">
     <span class='ocr_line' id='line_1_13' title="bbox 152 1343 829 1414; baseline -0.004 -16"><span class='ocrx_word' id='word_1_71' title='bbox 152 1345 298 1413; x_wconf 88' lang='lat' dir='ltr'>Multaque</span> <span class='ocrx_word' id='word_1_72' title='bbox 311 1351 454 1414; x_wconf 85' lang='lat' dir='ltr'>praetcrea</span> <span class='ocrx_word' id='word_1_73' title='bbox 466 1346 550 1400; x_wconf 89' lang='lat' dir='ltr'>sacris</span> <span class='ocrx_word' id='word_1_74' title='bbox 562 1362 591 1399; x_wconf 92' lang='lat' dir='ltr'>1n</span> <span class='ocrx_word' id='word_1_75' title='bbox 607 1343 732 1412; x_wconf 86' lang='lat' dir='ltr'>postibus</span> <span class='ocrx_word' id='word_1_76' title='bbox 745 1360 829 1411; x_wconf 88' lang='lat' dir='ltr'>arma,</span> 
     </span>
    </p>

    <p class='ocr_par' dir='ltr' id='par_1_14' title="bbox 153 1433 821 1503">
     <span class='ocr_line' id='line_1_14' title="bbox 153 1433 821 1503; baseline -0.004 -17"><span class='ocrx_word' id='word_1_77' title='bbox 153 1433 268 1501; x_wconf 74' lang='lat' dir='ltr'>Captivi</span> <span class='ocrx_word' id='word_1_78' title='bbox 281 1434 402 1501; x_wconf 86' lang='lat' dir='ltr'>pendent</span> <span class='ocrx_word' id='word_1_79' title='bbox 415 1450 519 1503; x_wconf 88' lang='lat' dir='ltr'>currus,</span> <span class='ocrx_word' id='word_1_80' title='bbox 537 1448 691 1500; x_wconf 83' lang='lat' dir='ltr'>curvaeque</span> <span class='ocrx_word' id='word_1_81' title='bbox 704 1447 821 1498; x_wconf 85' lang='lat' dir='ltr'>secures⁷</span> 
     </span>
    </p>

    <p class='ocr_par' dir='ltr' id='par_1_15' title="bbox 152 1518 927 1589">
     <span class='ocr_line' id='line_1_15' title="bbox 152 1518 927 1589; baseline 0.003 -17"><span class='ocrx_word' id='word_1_82' title='bbox 152 1520 192 1572; x_wconf 90' lang='lat' dir='ltr'>Et</span> <span class='ocrx_word' id='word_1_83' title='bbox 205 1520 305 1574; x_wconf 85' lang='lat' dir='ltr'>cristae</span> <span class='ocrx_word' id='word_1_84' title='bbox 318 1521 448 1589; x_wconf 83' lang='lat' dir='ltr'>capitum,</span> <span class='ocrx_word' id='word_1_85' title='bbox 463 1526 490 1575; x_wconf 87' lang='lat' dir='ltr'>et</span> <span class='ocrx_word' id='word_1_86' title='bbox 503 1527 647 1589; x_wconf 85' lang='lat' dir='ltr'>portorum</span> <span class='ocrx_word' id='word_1_87' title='bbox 662 1518 786 1586; x_wconf 88' lang='lat' dir='ltr'>ingentia</span> <span class='ocrx_word' id='word_1_88' title='bbox 800 1518 927 1587; x_wconf 85' lang='lat' dir='ltr'>claustra,</span> 
     </span>
    </p>

    <p class='ocr_par' dir='ltr' id='par_1_16' title="bbox 154 1605 853 1677">
     <span class='ocr_line' id='line_1_16' title="bbox 154 1605 853 1677; baseline 0 -17"><span class='ocrx_word' id='word_1_89' title='bbox 154 1607 321 1676; x_wconf 84' lang='lat' dir='ltr'>Spiculaque</span> <span class='ocrx_word' id='word_1_90' title='bbox 334 1608 468 1677; x_wconf 80' lang='lat' dir='ltr'>clipeique</span> <span class='ocrx_word' id='word_1_91' title='bbox 482 1612 630 1676; x_wconf 88' lang='lat' dir='ltr'>ereptaque</span> <span class='ocrx_word' id='word_1_92' title='bbox 644 1611 733 1659; x_wconf 87' lang='lat' dir='ltr'>rostra</span> <span class='ocrx_word' id='word_1_93' title='bbox 747 1605 853 1660; x_wconf 76' lang='lat' dir='ltr'>carinis</span> 
     </span>
    </p>

    <p class='ocr_par' dir='ltr' id='par_1_17' title="bbox 153 1693 737 1763">
     <span class='ocr_line' id='line_1_17' title="bbox 153 1693 737 1763; baseline 0 -17"><span class='ocrx_word' id='word_1_94' title='bbox 153 1693 219 1762; x_wconf 90' lang='lat' dir='ltr'>Ipse</span> <span class='ocrx_word' id='word_1_95' title='bbox 232 1694 367 1758; x_wconf 79' lang='lat' dir='ltr'>Quirinali</span> <span class='ocrx_word' id='word_1_96' title='bbox 380 1695 456 1763; x_wconf 78' lang='lat' dir='ltr'>lituo,</span> <span class='ocrx_word' id='word_1_97' title='bbox 472 1711 610 1763; x_wconf 86' lang='lat' dir='ltr'>parvaque</span> <span class='ocrx_word' id='word_1_98' title='bbox 623 1695 737 1748; x_wconf 85' lang='lat' dir='ltr'>sedebat</span> 
     </span>
    </p>

    <p class='ocr_par' dir='ltr' id='par_1_18' title="bbox 153 1781 860 1850">
     <span class='ocr_line' id='line_1_18' title="bbox 153 1781 860 1850; baseline 0 -17"><span class='ocrx_word' id='word_1_99' title='bbox 153 1781 319 1834; x_wconf 88' lang='lat' dir='ltr'>Succinctus</span> <span class='ocrx_word' id='word_1_100' title='bbox 332 1783 434 1849; x_wconf 70' lang='lat' dir='ltr'>trabea7</span> <span class='ocrx_word' id='word_1_101' title='bbox 453 1781 584 1850; x_wconf 85' lang='lat' dir='ltr'>laevaque</span> <span class='ocrx_word' id='word_1_102' title='bbox 593 1782 681 1836; x_wconf 91' lang='lat' dir='ltr'>ancile</span> <span class='ocrx_word' id='word_1_103' title='bbox 693 1781 808 1850; x_wconf 84' lang='lat' dir='ltr'>gerebat</span> <span class='ocrx_word' id='word_1_104' title='bbox 856 1841 860 1848; x_wconf 46' lang='grc'>,</span> 
     </span>
    </p>

    <p class='ocr_par' dir='ltr' id='par_1_19' title="bbox 154 1867 982 1938">
     <span class='ocr_line' id='line_1_19' title="bbox 154 1867 982 1938; baseline 0.002 -18"><span class='ocrx_word' id='word_1_105' title='bbox 154 1869 247 1935; x_wconf 90' lang='lat' dir='ltr'>Picus,</span> <span class='ocrx_word' id='word_1_106' title='bbox 262 1885 361 1936; x_wconf 90' lang='lat' dir='ltr'>equum</span> <span class='ocrx_word' id='word_1_107' title='bbox 375 1869 511 1936; x_wconf 79' lang='lat' dir='ltr'>domitor3</span> <span class='ocrx_word' id='word_1_108' title='bbox 533 1886 613 1938; x_wconf 92' lang='lat' dir='ltr'>quem</span> <span class='ocrx_word' id='word_1_109' title='bbox 628 1875 708 1938; x_wconf 89' lang='lat' dir='ltr'>capta</span> <span class='ocrx_word' id='word_1_110' title='bbox 721 1867 848 1936; x_wconf 89' lang='lat' dir='ltr'>cupidine</span> <span class='ocrx_word' id='word_1_111' title='bbox 862 1869 982 1922; x_wconf 86' lang='lat' dir='ltr'>coniunx</span> 
     </span>
    </p>

    <p class='ocr_par' dir='ltr' id='par_1_20' title="bbox 155 1956 818 2025">
     <span class='ocr_line' id='line_1_20' title="bbox 155 1956 818 2025; baseline 0 -17"><span class='ocrx_word' id='word_1_112' title='bbox 155 1956 254 2008; x_wconf 86' lang='lat' dir='ltr'>Aurea</span> <span class='ocrx_word' id='word_1_113' title='bbox 264 1973 423 2024; x_wconf 87' lang='lat' dir='ltr'>percussum</span> <span class='ocrx_word' id='word_1_114' title='bbox 436 1957 513 2025; x_wconf 88' lang='lat' dir='ltr'>virga</span> <span class='ocrx_word' id='word_1_115' title='bbox 526 1973 691 2025; x_wconf 88' lang='lat' dir='ltr'>versumque</span> <span class='ocrx_word' id='word_1_116' title='bbox 704 1957 818 2009; x_wconf 85' lang='lat' dir='ltr'>venenis</span> 
     </span>
    </p>

    <p class='ocr_par' dir='ltr' id='par_1_21' title="bbox 153 2042 832 2114">
     <span class='ocr_line' id='line_1_21' title="bbox 153 2042 832 2114; baseline 0.007 -18"><span class='ocrx_word' id='word_1_117' title='bbox 153 2042 236 2096; x_wconf 88' lang='lat' dir='ltr'>Fecit</span> <span class='ocrx_word' id='word_1_118' title='bbox 249 2059 327 2097; x_wconf 86' lang='lat' dir='ltr'>ovem</span> <span class='ocrx_word' id='word_1_119' title='bbox 342 2043 429 2112; x_wconf 80' lang='lat' dir='ltr'>Circe,</span> <span class='ocrx_word' id='word_1_120' title='bbox 444 2045 597 2114; x_wconf 83' lang='lat' dir='ltr'>sparsitque</span> <span class='ocrx_word' id='word_1_121' title='bbox 613 2046 753 2100; x_wconf 90' lang='lat' dir='ltr'>coloribus</span> <span class='ocrx_word' id='word_1_122' title='bbox 768 2047 832 2101; x_wconf 88' lang='lat' dir='ltr'>alas.</span> 
     </span>
    </p>

    <p class='ocr_par' dir='ltr' id='par_1_22' title="bbox 155 2131 808 2202">
     <span class='ocr_line' id='line_1_22' title="bbox 155 2131 808 2202; baseline 0.009 -20"><span class='ocrx_word' id='word_1_123' title='bbox 155 2131 177 2182; x_wconf 88' lang='lat' dir='ltr'>T</span> <span class='ocrx_word' id='word_1_124' title='bbox 178 2131 214 2184; x_wconf 89' lang='lat' dir='ltr'>ali</span> <span class='ocrx_word' id='word_1_125' title='bbox 226 2131 303 2184; x_wconf 91' lang='lat' dir='ltr'>intus</span> <span class='ocrx_word' id='word_1_126' title='bbox 315 2131 419 2200; x_wconf 91' lang='lat' dir='ltr'>templo</span> <span class='ocrx_word' id='word_1_127' title='bbox 431 2131 523 2184; x_wconf 89' lang='lat' dir='ltr'>divom</span> <span class='ocrx_word' id='word_1_128' title='bbox 536 2133 679 2202; x_wconf 84' lang='lat' dir='ltr'>patriaque</span> <span class='ocrx_word' id='word_1_129' title='bbox 694 2133 808 2188; x_wconf 91' lang='lat' dir='ltr'>Latinus</span> 
     </span>
    </p>

    <p class='ocr_par' dir='ltr' id='par_1_23' title="bbox 155 2218 858 2286">
     <span class='ocr_line' id='line_1_23' title="bbox 155 2218 858 2286; baseline 0.006 -14"><span class='ocrx_word' id='word_1_130' title='bbox 155 2218 229 2272; x_wconf 85' lang='lat' dir='ltr'>Sede</span> <span class='ocrx_word' id='word_1_131' title='bbox 242 2219 339 2272; x_wconf 90' lang='lat' dir='ltr'>sedens</span> <span class='ocrx_word' id='word_1_132' title='bbox 352 2218 472 2272; x_wconf 88' lang='lat' dir='ltr'>Teucros</span> <span class='ocrx_word' id='word_1_133' title='bbox 484 2219 519 2272; x_wconf 90' lang='lat' dir='ltr'>ad</span> <span class='ocrx_word' id='word_1_134' title='bbox 532 2236 591 2274; x_wconf 87' lang='lat' dir='ltr'>sese</span> <span class='ocrx_word' id='word_1_135' title='bbox 604 2220 632 2273; x_wconf 92' lang='lat' dir='ltr'>in</span> <span class='ocrx_word' id='word_1_136' title='bbox 647 2226 721 2276; x_wconf 88' lang='lat' dir='ltr'>tecta</span> <span class='ocrx_word' id='word_1_137' title='bbox 733 2223 858 2286; x_wconf 83' lang='lat' dir='ltr'>vocavit;</span> 
     </span>
    </p>

    <p class='ocr_par' dir='ltr' id='par_1_24' title="bbox 154 2306 1032 2463">
     <span class='ocr_line' id='line_1_24' title="bbox 154 2306 865 2378; baseline 0.006 -19"><span class='ocrx_word' id='word_1_138' title='bbox 154 2306 252 2376; x_wconf 87' lang='lat' dir='ltr'>Atque</span> <span class='ocrx_word' id='word_1_139' title='bbox 265 2306 334 2359; x_wconf 88' lang='lat' dir='ltr'>haee</span> <span class='ocrx_word' id='word_1_140' title='bbox 347 2306 477 2374; x_wconf 82' lang='lat' dir='ltr'>ingressis</span> <span class='ocrx_word' id='word_1_141' title='bbox 489 2306 598 2375; x_wconf 90' lang='lat' dir='ltr'>placido</span> <span class='ocrx_word' id='word_1_142' title='bbox 611 2309 688 2378; x_wconf 89' lang='lat' dir='ltr'>prior</span> <span class='ocrx_word' id='word_1_143' title='bbox 702 2308 789 2362; x_wconf 89' lang='lat' dir='ltr'>edidit</span> <span class='ocrx_word' id='word_1_144' title='bbox 801 2327 865 2363; x_wconf 91' lang='lat' dir='ltr'>ore:</span> 
     </span>
     <span class='ocr_line' id='line_1_25' title="bbox 193 2393 1032 2463; baseline 0.002 -17"><span class='ocrx_word' id='word_1_145' title='bbox 193 2393 321 2462; x_wconf 73' lang='lat' dir='ltr'>“Dicite²</span> <span class='ocrx_word' id='word_1_146' title='bbox 337 2393 637 2463; x_wconf 89' lang='lat' dir='ltr'>Dardanidae-neque</span> <span class='ocrx_word' id='word_1_147' title='bbox 651 2396 724 2450; x_wconf 89' lang='lat' dir='ltr'>enim</span> <span class='ocrx_word' id='word_1_148' title='bbox 738 2397 877 2450; x_wconf 89' lang='lat' dir='ltr'>nescimus</span> <span class='ocrx_word' id='word_1_149' title='bbox 890 2403 917 2450; x_wconf 88' lang='lat' dir='ltr'>et</span> <span class='ocrx_word' id='word_1_150' title='bbox 936 2395 1032 2449; x_wconf 92' lang='lat' dir='ltr'>urbem</span> 
     </span>
    </p>

    <p class='ocr_par' dir='ltr' id='par_1_25' title="bbox 155 2481 915 2551">
     <span class='ocr_line' id='line_1_26' title="bbox 155 2481 915 2551; baseline 0.003 -17"><span class='ocrx_word' id='word_1_151' title='bbox 155 2482 192 2534; x_wconf 87' lang='lat' dir='ltr'>Et</span> <span class='ocrx_word' id='word_1_152' title='bbox 205 2497 300 2550; x_wconf 70' lang='lat' dir='ltr'>genus</span> <span class='ocrx_word' id='word_1_153' title='bbox 317 2481 458 2548; x_wconf 88' lang='lat' dir='ltr'>auditique</span> <span class='ocrx_word' id='word_1_154' title='bbox 471 2481 613 2535; x_wconf 86' lang='lat' dir='ltr'>advertitis</span> <span class='ocrx_word' id='word_1_155' title='bbox 627 2499 746 2551; x_wconf 88' lang='lat' dir='ltr'>aequore</span> <span class='ocrx_word' id='word_1_156' title='bbox 759 2500 915 2551; x_wconf 89' lang='lat' dir='ltr'>cursum,—</span> 
     </span>
    </p>

    <p class='ocr_par' dir='ltr' id='par_1_26' title="bbox 155 2568 898 2639">
     <span class='ocr_line' id='line_1_27' title="bbox 155 2568 898 2639; baseline 0.003 -18"><span class='ocrx_word' id='word_1_157' title='bbox 155 2568 231 2634; x_wconf 85' lang='lat' dir='ltr'>Quid</span> <span class='ocrx_word' id='word_1_158' title='bbox 245 2569 358 2636; x_wconf 86' lang='lat' dir='ltr'>petitisl</span> <span class='ocrx_word' id='word_1_159' title='bbox 379 2585 448 2636; x_wconf 91' lang='lat' dir='ltr'>quae</span> <span class='ocrx_word' id='word_1_160' title='bbox 461 2585 543 2622; x_wconf 88' lang='lat' dir='ltr'>causa</span> <span class='ocrx_word' id='word_1_161' title='bbox 555 2575 629 2623; x_wconf 87' lang='lat' dir='ltr'>rates</span> <span class='ocrx_word' id='word_1_162' title='bbox 642 2574 690 2624; x_wconf 92' lang='lat' dir='ltr'>aut</span> <span class='ocrx_word' id='word_1_163' title='bbox 703 2571 780 2624; x_wconf 88' lang='lat' dir='ltr'>ouius</span> <span class='ocrx_word' id='word_1_164' title='bbox 793 2571 898 2639; x_wconf 88' lang='lat' dir='ltr'>egentis</span> 
     </span>
    </p>

    <p class='ocr_par' dir='ltr' id='par_1_27' title="bbox 154 2655 885 2724">
     <span class='ocr_line' id='line_1_28' title="bbox 154 2655 885 2724; baseline 0.005 -16"><span class='ocrx_word' id='word_1_165' title='bbox 154 2657 235 2709; x_wconf 89' lang='lat' dir='ltr'>Litus</span> <span class='ocrx_word' id='word_1_166' title='bbox 248 2656 283 2709; x_wconf 92' lang='lat' dir='ltr'>ad</span> <span class='ocrx_word' id='word_1_167' title='bbox 298 2655 453 2708; x_wconf 90' lang='lat' dir='ltr'>Ausonium</span> <span class='ocrx_word' id='word_1_168' title='bbox 465 2661 508 2709; x_wconf 92' lang='lat' dir='ltr'>tot</span> <span class='ocrx_word' id='word_1_169' title='bbox 520 2672 569 2724; x_wconf 88' lang='lat' dir='ltr'>per</span> <span class='ocrx_word' id='word_1_170' title='bbox 583 2657 655 2711; x_wconf 87' lang='lat' dir='ltr'>vada</span> <span class='ocrx_word' id='word_1_171' title='bbox 669 2657 778 2712; x_wconf 88' lang='lat' dir='ltr'>caerula</span> <span class='ocrx_word' id='word_1_172' title='bbox 792 2658 885 2712; x_wconf 76' lang='lat' dir='ltr'>vexitt</span> 
     </span>
    </p>

    <p class='ocr_par' dir='ltr' id='par_1_28' title="bbox 155 2743 772 2812">
     <span class='ocr_line' id='line_1_29' title="bbox 155 2743 772 2812; baseline 0.003 -16"><span class='ocrx_word' id='word_1_173' title='bbox 155 2743 222 2796; x_wconf 89' lang='lat' dir='ltr'>Sive</span> <span class='ocrx_word' id='word_1_174' title='bbox 236 2743 412 2811; x_wconf 77' lang='lat' dir='ltr'>emmoniae,</span> <span class='ocrx_word' id='word_1_175' title='bbox 428 2759 475 2796; x_wconf 88' lang='lat' dir='ltr'>seu</span> <span class='ocrx_word' id='word_1_176' title='bbox 488 2745 698 2812; x_wconf 85' lang='lat' dir='ltr'>tempestatibus</span> <span class='ocrx_word' id='word_1_177' title='bbox 712 2746 772 2811; x_wconf 85' lang='lat' dir='ltr'>acti,</span> 
     </span>
    </p>

    <p class='ocr_par' dir='ltr' id='par_1_29' title="bbox 155 2829 829 2901">
     <span class='ocr_line' id='line_1_30' title="bbox 155 2829 829 2901; baseline 0.004 -18"><span class='ocrx_word' id='word_1_178' title='bbox 155 2830 257 2895; x_wconf 86' lang='lat' dir='ltr'>Qualia</span> <span class='ocrx_word' id='word_1_179' title='bbox 270 2829 356 2882; x_wconf 87' lang='lat' dir='ltr'>multa</span> <span class='ocrx_word' id='word_1_180' title='bbox 369 2830 439 2883; x_wconf 90' lang='lat' dir='ltr'>mari</span> <span class='ocrx_word' id='word_1_181' title='bbox 451 2836 551 2893; x_wconf 80' lang='lat' dir='ltr'>nautae</span> <span class='ocrx_word' id='word_1_182' title='bbox 566 2832 709 2900; x_wconf 88' lang='lat' dir='ltr'>patiuntur</span> <span class='ocrx_word' id='word_1_183' title='bbox 722 2833 750 2884; x_wconf 91' lang='lat' dir='ltr'>in</span> <span class='ocrx_word' id='word_1_184' title='bbox 764 2832 829 2901; x_wconf 88' lang='lat' dir='ltr'>altu,</span> 
     </span>
    </p>

    <p class='ocr_par' dir='ltr' id='par_1_30' title="bbox 155 2917 787 2988">
     <span class='ocr_line' id='line_1_31' title="bbox 155 2917 787 2988; baseline 0.003 -18"><span class='ocrx_word' id='word_1_185' title='bbox 155 2917 291 2970; x_wconf 89' lang='lat' dir='ltr'>Fluminis</span> <span class='ocrx_word' id='word_1_186' title='bbox 303 2917 428 2970; x_wconf 86' lang='lat' dir='ltr'>intrastis</span> <span class='ocrx_word' id='word_1_187' title='bbox 441 2918 514 2986; x_wconf 85' lang='lat' dir='ltr'>ripas</span> <span class='ocrx_word' id='word_1_188' title='bbox 528 2925 665 2988; x_wconf 88' lang='lat' dir='ltr'>portuque</span> <span class='ocrx_word' id='word_1_189' title='bbox 679 2919 787 2988; x_wconf 81' lang='lat' dir='ltr'>sedetis,</span> 
     </span>
    </p>

    <p class='ocr_par' dir='ltr' id='par_1_31' title="bbox 154 3003 827 3072">
     <span class='ocr_line' id='line_1_32' title="bbox 154 3003 827 3072; baseline 0.006 -15"><span class='ocrx_word' id='word_1_190' title='bbox 154 3004 198 3058; x_wconf 88' lang='lat' dir='ltr'>Ne</span> <span class='ocrx_word' id='word_1_191' title='bbox 212 3005 302 3072; x_wconf 81' lang='lat' dir='ltr'>fugite</span> <span class='ocrx_word' id='word_1_192' title='bbox 316 3003 474 3072; x_wconf 86' lang='lat' dir='ltr'>hospitium,</span> <span class='ocrx_word' id='word_1_193' title='bbox 490 3022 559 3058; x_wconf 88' lang='lat' dir='ltr'>neve</span> <span class='ocrx_word' id='word_1_194' title='bbox 574 3006 700 3072; x_wconf 89' lang='lat' dir='ltr'>ignorate</span> <span class='ocrx_word' id='word_1_195' title='bbox 714 3007 827 3060; x_wconf 88' lang='lat' dir='ltr'>Latinos</span> 
     </span>
    </p>

    <p class='ocr_par' dir='ltr' id='par_1_32' title="bbox 154 3091 917 3164">
     <span class='ocr_line' id='line_1_33' title="bbox 154 3091 917 3164; baseline 0 -18"><span class='ocrx_word' id='word_1_196' title='bbox 154 3091 269 3146; x_wconf 87' lang='lat' dir='ltr'>Saturni</span> <span class='ocrx_word' id='word_1_197' title='bbox 282 3095 402 3157; x_wconf 83' lang='lat' dir='ltr'>gentem,</span> <span class='ocrx_word' id='word_1_198' title='bbox 418 3091 489 3144; x_wconf 91' lang='lat' dir='ltr'>haud</span> <span class='ocrx_word' id='word_1_199' title='bbox 507 3091 597 3144; x_wconf 89' lang='lat' dir='ltr'>vinclo</span> <span class='ocrx_word' id='word_1_200' title='bbox 612 3110 663 3146; x_wconf 89' lang='lat' dir='ltr'>nec</span> <span class='ocrx_word' id='word_1_201' title='bbox 675 3093 781 3162; x_wconf 87' lang='lat' dir='ltr'>legibus</span> <span class='ocrx_word' id='word_1_202' title='bbox 794 3111 917 3164; x_wconf 87' lang='lat' dir='ltr'>aequam,</span> 
     </span>
    </p>

    <p class='ocr_par' dir='ltr' id='par_1_33' title="bbox 154 3178 847 3248">
     <span class='ocr_line' id='line_1_34' title="bbox 154 3178 847 3248; baseline 0.003 -16"><span class='ocrx_word' id='word_1_203' title='bbox 154 3180 261 3248; x_wconf 86' lang='lat' dir='ltr'>Sponte</span> <span class='ocrx_word' id='word_1_204' title='bbox 274 3196 324 3232; x_wconf 91' lang='lat' dir='ltr'>sua</span> <span class='ocrx_word' id='word_1_205' title='bbox 337 3179 494 3247; x_wconf 85' lang='lat' dir='ltr'>veterisque</span> <span class='ocrx_word' id='word_1_206' title='bbox 508 3178 551 3232; x_wconf 87' lang='lat' dir='ltr'>dei</span> <span class='ocrx_word' id='word_1_207' title='bbox 565 3197 594 3232; x_wconf 88' lang='lat' dir='ltr'>se</span> <span class='ocrx_word' id='word_1_208' title='bbox 607 3197 684 3234; x_wconf 88' lang='lat' dir='ltr'>more</span> <span class='ocrx_word' id='word_1_209' title='bbox 698 3186 847 3236; x_wconf 90' lang='lat' dir='ltr'>tenentem.</span> 
     </span>
    </p>

    <p class='ocr_par' dir='ltr' id='par_1_34' title="bbox 153 3265 966 3335">
     <span class='ocr_line' id='line_1_35' title="bbox 153 3265 966 3335; baseline 0.002 -15"><span class='ocrx_word' id='word_1_210' title='bbox 153 3267 248 3335; x_wconf 86' lang='lat' dir='ltr'>Atque</span> <span class='ocrx_word' id='word_1_211' title='bbox 261 3265 390 3334; x_wconf 89' lang='lat' dir='ltr'>equidem</span> <span class='ocrx_word' id='word_1_212' title='bbox 403 3265 629 3320; x_wconf 86' lang='lat' dir='ltr'>memini—fama</span> <span class='ocrx_word' id='word_1_213' title='bbox 643 3275 684 3320; x_wconf 87' lang='lat' dir='ltr'>est</span> <span class='ocrx_word' id='word_1_214' title='bbox 697 3269 838 3321; x_wconf 83' lang='lat' dir='ltr'>obscurior</span> <span class='ocrx_word' id='word_1_215' title='bbox 852 3269 966 3322; x_wconf 85' lang='lat' dir='ltr'>annis-</span> 
     </span>
    </p>

    <p class='ocr_par' dir='ltr' id='par_1_35' title="bbox 153 3353 826 3424">
     <span class='ocr_line' id='line_1_36' title="bbox 153 3353 826 3424; baseline 0.001 -17"><span class='ocrx_word' id='word_1_216' title='bbox 153 3357 302 3408; x_wconf 89' lang='lat' dir='ltr'>Auruncos</span> <span class='ocrx_word' id='word_1_217' title='bbox 317 3353 358 3406; x_wconf 91' lang='lat' dir='ltr'>ita</span> <span class='ocrx_word' id='word_1_218' title='bbox 370 3353 446 3405; x_wconf 81' lang='lat' dir='ltr'>ferre</span> <span class='ocrx_word' id='word_1_219' title='bbox 460 3369 546 3419; x_wconf 81' lang='lat' dir='ltr'>senes,</span> <span class='ocrx_word' id='word_1_220' title='bbox 560 3353 603 3406; x_wconf 87' lang='lat' dir='ltr'>his</span> <span class='ocrx_word' id='word_1_221' title='bbox 617 3359 693 3406; x_wconf 88' lang='lat' dir='ltr'>ortus</span> <span class='ocrx_word' id='word_1_222' title='bbox 707 3360 737 3407; x_wconf 91' lang='lat' dir='ltr'>nt</span> <span class='ocrx_word' id='word_1_223' title='bbox 754 3357 826 3424; x_wconf 88' lang='lat' dir='ltr'>agris</span> 
     </span>
    </p>

    <p class='ocr_par' dir='ltr' id='par_1_36' title="bbox 152 3438 874 3509">
     <span class='ocr_line' id='line_1_37' title="bbox 152 3438 874 3509; baseline -0.003 -15"><span class='ocrx_word' id='word_1_224' title='bbox 152 3441 302 3496; x_wconf 88' lang='lat' dir='ltr'>Dardanus</span> <span class='ocrx_word' id='word_1_225' title='bbox 316 3439 414 3493; x_wconf 87' lang='lat' dir='ltr'>Idaeas</span> <span class='ocrx_word' id='word_1_226' title='bbox 428 3438 566 3507; x_wconf 82' lang='lat' dir='ltr'>Phrygiae</span> <span class='ocrx_word' id='word_1_227' title='bbox 579 3442 731 3509; x_wconf 86' lang='lat' dir='ltr'>penetrarit</span> <span class='ocrx_word' id='word_1_228' title='bbox 745 3442 776 3494; x_wconf 85' lang='lat' dir='ltr'>ad</span> <span class='ocrx_word' id='word_1_229' title='bbox 793 3443 874 3496; x_wconf 85' lang='lat' dir='ltr'>urbes</span> 
     </span>
    </p>

    <p class='ocr_par' dir='ltr' id='par_1_37' title="bbox 152 3527 976 3596">
     <span class='ocr_line' id='line_1_38' title="bbox 152 3527 976 3596; baseline -0.001 -13"><span class='ocrx_word' id='word_1_230' title='bbox 152 3528 367 3596; x_wconf 87' lang='lat' dir='ltr'>Threiciamque</span> <span class='ocrx_word' id='word_1_231' title='bbox 380 3527 493 3593; x_wconf 85' lang='lat' dir='ltr'>Samon,</span> <span class='ocrx_word' id='word_1_232' title='bbox 508 3545 576 3595; x_wconf 85' lang='lat' dir='ltr'>quae</span> <span class='ocrx_word' id='word_1_233' title='bbox 589 3545 663 3580; x_wconf 91' lang='lat' dir='ltr'>nuno</span> <span class='ocrx_word' id='word_1_234' title='bbox 677 3529 868 3583; x_wconf 85' lang='lat' dir='ltr'>Samothracia</span> <span class='ocrx_word' id='word_1_235' title='bbox 880 3531 976 3584; x_wconf 87' lang='lat' dir='ltr'>fertur.</span> 
     </span>
    </p>
   </div>
   <div class='ocr_carea' id='block_1_3' title="bbox 0 0 1358 3938">
    <p class='ocr_par' dir='ltr' id='par_1_38' title="bbox 0 0 1358 3938">
     <span class='ocr_line' id='line_1_39' title="bbox 0 0 1358 3938; baseline 0 0"><span class='ocrx_word' id='word_1_236' title='bbox 0 0 1358 3938; x_wconf 95' lang='lat' dir='ltr'> </span> 
     </span>
    </p>
   </div>
  </div>
 </body>
</html>
