<?xml version="1.0" encoding="UTF-8"?>
<!DOCTYPE html PUBLIC "-//W3C//DTD XHTML 1.0 Transitional//EN"
    "http://www.w3.org/TR/xhtml1/DTD/xhtml1-transitional.dtd">
<html xmlns="http://www.w3.org/1999/xhtml" xml:lang="en" lang="en">
 <head>
  <title>
</title>
<meta http-equiv="Content-Type" content="text/html;charset=utf-8" />
  <meta name='ocr-system' content='tesseract 3.04.00' />
  <meta name='ocr-capabilities' content='ocr_page ocr_carea ocr_par ocr_line ocrx_word'/>
</head>
<body>
  <div class='ocr_page' id='page_1' title='image "./arevisedtextpoe00virggoog_0258.png"; bbox 0 0 2706 3938; ppageno 0'>
   <div class='ocr_carea' id='block_1_1' title="bbox 432 883 978 1146">
    <p class='ocr_par' dir='ltr' id='par_1_1' title="bbox 432 883 978 1146">
     <span class='ocr_line' id='line_1_1' title="bbox 528 883 893 953; baseline -0.008 -1"><span class='ocrx_word' id='word_1_1' title='bbox 528 886 557 953; x_wconf 91' lang='lat' dir='ltr'>P.</span> <span class='ocrx_word' id='word_1_2' title='bbox 575 883 715 952; x_wconf 82' lang='lat' dir='ltr'>VERGILI</span> <span class='ocrx_word' id='word_1_3' title='bbox 741 883 893 952; x_wconf 70' lang='lat' dir='ltr'>urseris</span> 
     </span>
     <span class='ocr_line' id='line_1_2' title="bbox 432 1067 978 1146; baseline -0.009 0"><span class='ocrx_word' id='word_1_4' title='bbox 432 1071 479 1146; x_wconf 89' lang='lat' dir='ltr'>A</span> <span class='ocrx_word' id='word_1_5' title='bbox 513 1072 550 1144; x_wconf 84' lang='lat' dir='ltr'>E</span> <span class='ocrx_word' id='word_1_6' title='bbox 586 1069 631 1143; x_wconf 87' lang='lat' dir='ltr'>N</span> <span class='ocrx_word' id='word_1_7' title='bbox 666 1069 702 1141; x_wconf 84' lang='lat' dir='ltr'>E</span> <span class='ocrx_word' id='word_1_8' title='bbox 739 1067 761 1141; x_wconf 88' lang='lat' dir='ltr'>I</span> <span class='ocrx_word' id='word_1_9' title='bbox 796 1068 837 1142; x_wconf 94' lang='lat' dir='ltr'>D</span> <span class='ocrx_word' id='word_1_10' title='bbox 876 1067 912 1142; x_wconf 94' lang='lat' dir='ltr'><strong>O</strong></span> <span class='ocrx_word' id='word_1_11' title='bbox 951 1067 978 1142; x_wconf 75' lang='lat' dir='ltr'>S</span> 
     </span>
    </p>
   </div>
   <div class='ocr_carea' id='block_1_2' title="bbox 512 1261 901 1324">
    <p class='ocr_par' dir='ltr' id='par_1_2' title="bbox 512 1261 901 1324">
     <span class='ocr_line' id='line_1_3' title="bbox 512 1261 901 1324; baseline 0 0"><span class='ocrx_word' id='word_1_12' title='bbox 512 1263 647 1324; x_wconf 85' lang='lat' dir='ltr'>LIBER</span> <span class='ocrx_word' id='word_1_13' title='bbox 676 1261 901 1324; x_wconf 82' lang='lat' dir='ltr'>SEPTIMUS.</span> 
     </span>
    </p>
   </div>
   <div class='ocr_carea' id='block_1_3' title="bbox 169 1587 1050 3575">
    <p class='ocr_par' dir='ltr' id='par_1_3' title="bbox 169 1587 1050 1920">
     <span class='ocr_line' id='line_1_4' title="bbox 197 1587 862 1660; baseline -0.006 -16"><span class='ocrx_word' id='word_1_14' title='bbox 197 1589 238 1644; x_wconf 88' lang='lat' dir='ltr'>Tu</span> <span class='ocrx_word' id='word_1_15' title='bbox 251 1607 360 1660; x_wconf 85' lang='lat' dir='ltr'>quoque</span> <span class='ocrx_word' id='word_1_16' title='bbox 374 1590 503 1645; x_wconf 90' lang='lat' dir='ltr'>litoribus</span> <span class='ocrx_word' id='word_1_17' title='bbox 516 1589 626 1658; x_wconf 84' lang='lat' dir='ltr'>nostris,</span> <span class='ocrx_word' id='word_1_18' title='bbox 641 1587 748 1642; x_wconf 81' lang='lat' dir='ltr'><strong>Aeneia</strong></span> <span class='ocrx_word' id='word_1_19' title='bbox 759 1587 862 1656; x_wconf 85' lang='lat' dir='ltr'>nutrix,</span> 
     </span>
     <span class='ocr_line' id='line_1_5' title="bbox 196 1675 852 1746; baseline -0.003 -16"><span class='ocrx_word' id='word_1_20' title='bbox 196 1675 347 1731; x_wconf 76' lang='lat' dir='ltr'><strong>Aeternam</strong></span> <span class='ocrx_word' id='word_1_21' title='bbox 359 1677 481 1732; x_wconf 90' lang='lat' dir='ltr'>moriens</span> <span class='ocrx_word' id='word_1_22' title='bbox 492 1679 604 1746; x_wconf 82' lang='lat' dir='ltr'>famam,</span> <span class='ocrx_word' id='word_1_23' title='bbox 620 1676 721 1745; x_wconf 75' lang='lat' dir='ltr'>Caieta,</span> <span class='ocrx_word' id='word_1_24' title='bbox 737 1675 852 1742; x_wconf 81' lang='lat' dir='ltr'>dedisti3</span> 
     </span>
     <span class='ocr_line' id='line_1_6' title="bbox 169 1750 1050 1832; baseline -0.002 -15"><span class='ocrx_word' id='word_1_25' title='bbox 169 1750 173 1758; x_wconf 61' lang='grc'><strong>’</strong></span> <span class='ocrx_word' id='word_1_26' title='bbox 196 1764 233 1818; x_wconf 86' lang='lat' dir='ltr'>Et</span> <span class='ocrx_word' id='word_1_27' title='bbox 244 1781 318 1818; x_wconf 90' lang='lat' dir='ltr'>nunc</span> <span class='ocrx_word' id='word_1_28' title='bbox 331 1771 423 1818; x_wconf 90' lang='lat' dir='ltr'>servat</span> <span class='ocrx_word' id='word_1_29' title='bbox 435 1764 525 1819; x_wconf 86' lang='lat' dir='ltr'><strong>honos</strong></span> <span class='ocrx_word' id='word_1_30' title='bbox 538 1765 631 1818; x_wconf 90' lang='lat' dir='ltr'>sedem</span> <span class='ocrx_word' id='word_1_31' title='bbox 643 1771 715 1832; x_wconf 84' lang='lat' dir='ltr'>tuus,</span> <span class='ocrx_word' id='word_1_32' title='bbox 730 1779 845 1831; x_wconf 77' lang='lat' dir='ltr'>ossaque</span> <span class='ocrx_word' id='word_1_33' title='bbox 857 1779 959 1816; x_wconf 90' lang='lat' dir='ltr'>nomen</span> <span class='ocrx_word' id='word_1_34' title='bbox 1045 1775 1050 1786; x_wconf 76' lang='lat'><strong>⁴</strong></span> 
     </span>
     <span class='ocr_line' id='line_1_7' title="bbox 197 1850 918 1920; baseline -0.003 -16"><span class='ocrx_word' id='word_1_35' title='bbox 197 1851 332 1920; x_wconf 87' lang='lat' dir='ltr'>Hesperia</span> <span class='ocrx_word' id='word_1_36' title='bbox 345 1853 374 1904; x_wconf 93' lang='lat' dir='ltr'>in</span> <span class='ocrx_word' id='word_1_37' title='bbox 387 1868 494 1920; x_wconf 83' lang='lat' dir='ltr'>magne,</span> <span class='ocrx_word' id='word_1_38' title='bbox 511 1852 533 1904; x_wconf 89' lang='lat' dir='ltr'>si</span> <span class='ocrx_word' id='word_1_39' title='bbox 547 1868 599 1920; x_wconf 87' lang='lat' dir='ltr'>qua</span> <span class='ocrx_word' id='word_1_40' title='bbox 612 1858 654 1905; x_wconf 88' lang='lat' dir='ltr'>est</span> <span class='ocrx_word' id='word_1_41' title='bbox 667 1867 700 1904; x_wconf 90' lang='lat' dir='ltr'>ea</span> <span class='ocrx_word' id='word_1_42' title='bbox 712 1850 806 1918; x_wconf 81' lang='lat' dir='ltr'>gloria,</span> <span class='ocrx_word' id='word_1_43' title='bbox 821 1850 918 1918; x_wconf 78' lang='lat' dir='ltr'>signat.</span> 
     </span>
    </p>

    <p class='ocr_par' dir='ltr' id='par_1_4' title="bbox 196 1939 762 2009">
     <span class='ocr_line' id='line_1_8' title="bbox 196 1939 762 2009; baseline 0.002 -18"><span class='ocrx_word' id='word_1_44' title='bbox 196 1939 236 1991; x_wconf 87' lang='lat' dir='ltr'>At</span> <span class='ocrx_word' id='word_1_45' title='bbox 248 1940 309 2007; x_wconf 89' lang='lat' dir='ltr'>pius</span> <span class='ocrx_word' id='word_1_46' title='bbox 322 1939 456 2009; x_wconf 83' lang='lat' dir='ltr'>exsequiis</span> <span class='ocrx_word' id='word_1_47' title='bbox 469 1941 579 1992; x_wconf 79' lang='lat' dir='ltr'>Aeneas</span> <span class='ocrx_word' id='word_1_48' title='bbox 591 1939 645 1992; x_wconf 86' lang='lat' dir='ltr'>rite</span> <span class='ocrx_word' id='word_1_49' title='bbox 657 1939 762 2008; x_wconf 89' lang='lat' dir='ltr'>solutis,</span> 
     </span>
    </p>

    <p class='ocr_par' dir='ltr' id='par_1_5' title="bbox 195 2027 966 2269">
     <span class='ocr_line' id='line_1_9' title="bbox 195 2027 966 2099; baseline -0.001 -19"><span class='ocrx_word' id='word_1_50' title='bbox 195 2027 307 2097; x_wconf 84' lang='lat' dir='ltr'>Aggere</span> <span class='ocrx_word' id='word_1_51' title='bbox 319 2031 473 2099; x_wconf 87' lang='lat' dir='ltr'>composito</span> <span class='ocrx_word' id='word_1_52' title='bbox 486 2030 593 2097; x_wconf 86' lang='lat' dir='ltr'>tumuli,</span> <span class='ocrx_word' id='word_1_53' title='bbox 608 2034 752 2098; x_wconf 89' lang='lat' dir='ltr'>postquam</span> <span class='ocrx_word' id='word_1_54' title='bbox 766 2028 823 2082; x_wconf 85' lang='lat' dir='ltr'>alta</span> <span class='ocrx_word' id='word_1_55' title='bbox 835 2028 966 2096; x_wconf 88' lang='lat' dir='ltr'>quierunt</span> 
     </span>
     <span class='ocr_line' id='line_1_10' title="bbox 195 2115 924 2185; baseline -0.001 -18"><span class='ocrx_word' id='word_1_56' title='bbox 195 2115 332 2185; x_wconf 85' lang='lat' dir='ltr'>Aequora,</span> <span class='ocrx_word' id='word_1_57' title='bbox 346 2117 438 2172; x_wconf 86' lang='lat' dir='ltr'>tendit</span> <span class='ocrx_word' id='word_1_58' title='bbox 450 2118 504 2171; x_wconf 88' lang='lat' dir='ltr'>iter</span> <span class='ocrx_word' id='word_1_59' title='bbox 518 2117 591 2184; x_wconf 87' lang='lat' dir='ltr'>velis,</span> <span class='ocrx_word' id='word_1_60' title='bbox 606 2122 773 2185; x_wconf 85' lang='lat' dir='ltr'>portumque</span> <span class='ocrx_word' id='word_1_61' title='bbox 785 2115 924 2182; x_wconf 79' lang='lat' dir='ltr'>relinquit.</span> 
     </span>
     <span class='ocr_line' id='line_1_11' title="bbox 195 2199 903 2269; baseline -0.001 -16"><span class='ocrx_word' id='word_1_62' title='bbox 195 2201 329 2269; x_wconf 87' lang='lat' dir='ltr'>Aspirant</span> <span class='ocrx_word' id='word_1_63' title='bbox 341 2219 425 2256; x_wconf 85' lang='lat' dir='ltr'>aurae</span> <span class='ocrx_word' id='word_1_64' title='bbox 437 2202 466 2254; x_wconf 93' lang='lat' dir='ltr'>in</span> <span class='ocrx_word' id='word_1_65' title='bbox 480 2207 598 2262; x_wconf 82' lang='lat' dir='ltr'>noctem,</span> <span class='ocrx_word' id='word_1_66' title='bbox 613 2218 664 2254; x_wconf 85' lang='lat' dir='ltr'>nee</span> <span class='ocrx_word' id='word_1_67' title='bbox 678 2199 794 2254; x_wconf 85' lang='lat' dir='ltr'>eandida</span> <span class='ocrx_word' id='word_1_68' title='bbox 807 2215 903 2252; x_wconf 85' lang='lat' dir='ltr'>cursus</span> 
     </span>
    </p>

    <p class='ocr_par' dir='ltr' id='par_1_6' title="bbox 194 2287 944 2438">
     <span class='ocr_line' id='line_1_12' title="bbox 195 2287 944 2358; baseline 0 -18"><span class='ocrx_word' id='word_1_69' title='bbox 195 2287 273 2342; x_wconf 84' lang='lat' dir='ltr'>Luna</span> <span class='ocrx_word' id='word_1_70' title='bbox 283 2295 374 2357; x_wconf 86' lang='lat' dir='ltr'>negat,</span> <span class='ocrx_word' id='word_1_71' title='bbox 389 2289 514 2358; x_wconf 85' lang='lat' dir='ltr'>splendet</span> <span class='ocrx_word' id='word_1_72' title='bbox 527 2288 645 2342; x_wconf 85' lang='lat' dir='ltr'>tremulo</span> <span class='ocrx_word' id='word_1_73' title='bbox 658 2288 708 2341; x_wconf 89' lang='lat' dir='ltr'>sub</span> <span class='ocrx_word' id='word_1_74' title='bbox 720 2287 825 2340; x_wconf 89' lang='lat' dir='ltr'>lumine</span> <span class='ocrx_word' id='word_1_75' title='bbox 834 2291 944 2356; x_wconf 91' lang='lat' dir='ltr'>pontus.</span> 
     </span>
     <span class='ocr_line' id='line_1_13' title="bbox 194 2375 823 2438; baseline 0.002 -10"><span class='ocrx_word' id='word_1_76' title='bbox 194 2375 324 2431; x_wconf 85' lang='lat' dir='ltr'>Proxima</span> <span class='ocrx_word' id='word_1_77' title='bbox 339 2377 469 2432; x_wconf 78' lang='lat' dir='ltr'>Circaeae</span> <span class='ocrx_word' id='word_1_78' title='bbox 482 2379 618 2433; x_wconf 84' lang='lat' dir='ltr'>reduntur</span> <span class='ocrx_word' id='word_1_79' title='bbox 629 2377 713 2431; x_wconf 91' lang='lat' dir='ltr'>litora</span> <span class='ocrx_word' id='word_1_80' title='bbox 725 2381 823 2438; x_wconf 78' lang='lat' dir='ltr'>terrae,</span> 
     </span>
    </p>

    <p class='ocr_par' dir='ltr' id='par_1_7' title="bbox 194 2463 745 2519">
     <span class='ocr_line' id='line_1_14' title="bbox 194 2463 745 2519; baseline 0.004 -3"><span class='ocrx_word' id='word_1_81' title='bbox 194 2463 279 2518; x_wconf 88' lang='lat' dir='ltr'>Dives</span> <span class='ocrx_word' id='word_1_82' title='bbox 289 2465 443 2519; x_wconf 82' lang='lat' dir='ltr'>inaccessos</span> <span class='ocrx_word' id='word_1_83' title='bbox 454 2466 502 2518; x_wconf 90' lang='lat' dir='ltr'>ubi</span> <span class='ocrx_word' id='word_1_84' title='bbox 516 2466 587 2519; x_wconf 82' lang='lat' dir='ltr'>Solis</span> <span class='ocrx_word' id='word_1_85' title='bbox 599 2465 656 2519; x_wconf 90' lang='lat' dir='ltr'>filia</span> <span class='ocrx_word' id='word_1_86' title='bbox 667 2465 745 2518; x_wconf 89' lang='lat' dir='ltr'>lucos</span> 
     </span>
    </p>

    <p class='ocr_par' dir='ltr' id='par_1_8' title="bbox 193 2549 836 2621">
     <span class='ocr_line' id='line_1_15' title="bbox 193 2549 836 2621; baseline 0.005 -19"><span class='ocrx_word' id='word_1_87' title='bbox 193 2549 319 2605; x_wconf 89' lang='lat' dir='ltr'>Adsiduo</span> <span class='ocrx_word' id='word_1_88' title='bbox 333 2558 444 2606; x_wconf 86' lang='lat' dir='ltr'>resonet</span> <span class='ocrx_word' id='word_1_89' title='bbox 457 2560 547 2617; x_wconf 81' lang='lat' dir='ltr'>cantu,</span> <span class='ocrx_word' id='word_1_90' title='bbox 562 2553 697 2621; x_wconf 88' lang='lat' dir='ltr'>tectisque</span> <span class='ocrx_word' id='word_1_91' title='bbox 710 2551 836 2621; x_wconf 90' lang='lat' dir='ltr'>superbis</span> 
     </span>
    </p>

    <p class='ocr_par' dir='ltr' id='par_1_9' title="bbox 194 2636 857 2704">
     <span class='ocr_line' id='line_1_16' title="bbox 194 2636 857 2704; baseline 0.003 -16"><span class='ocrx_word' id='word_1_92' title='bbox 194 2636 258 2689; x_wconf 91' lang='lat' dir='ltr'>Urit</span> <span class='ocrx_word' id='word_1_93' title='bbox 271 2637 414 2693; x_wconf 85' lang='lat' dir='ltr'>odoratam</span> <span class='ocrx_word' id='word_1_94' title='bbox 428 2645 566 2693; x_wconf 85' lang='lat' dir='ltr'>nocturna</span> <span class='ocrx_word' id='word_1_95' title='bbox 578 2640 607 2692; x_wconf 93' lang='lat' dir='ltr'>in</span> <span class='ocrx_word' id='word_1_96' title='bbox 620 2639 724 2693; x_wconf 87' lang='lat' dir='ltr'>lumina</span> <span class='ocrx_word' id='word_1_97' title='bbox 736 2637 857 2704; x_wconf 85' lang='lat' dir='ltr'>cedrum,</span> 
     </span>
    </p>

    <p class='ocr_par' dir='ltr' id='par_1_10' title="bbox 196 2725 792 2794">
     <span class='ocr_line' id='line_1_17' title="bbox 196 2725 792 2794; baseline 0.007 -20"><span class='ocrx_word' id='word_1_98' title='bbox 196 2727 302 2792; x_wconf 81' lang='lat' dir='ltr'>Arguto</span> <span class='ocrx_word' id='word_1_99' title='bbox 315 2725 406 2778; x_wconf 86' lang='lat' dir='ltr'>tennis</span> <span class='ocrx_word' id='word_1_100' title='bbox 418 2743 581 2794; x_wconf 88' lang='lat' dir='ltr'>percurrens</span> <span class='ocrx_word' id='word_1_101' title='bbox 593 2727 703 2794; x_wconf 82' lang='lat' dir='ltr'>pectine</span> <span class='ocrx_word' id='word_1_102' title='bbox 716 2727 792 2780; x_wconf 87' lang='lat' dir='ltr'>telas.</span> 
     </span>
    </p>

    <p class='ocr_par' dir='ltr' id='par_1_11' title="bbox 193 2810 786 2882">
     <span class='ocr_line' id='line_1_18' title="bbox 193 2810 786 2882; baseline 0.005 -20"><span class='ocrx_word' id='word_1_103' title='bbox 193 2810 266 2864; x_wconf 91' lang='lat' dir='ltr'>Hinc</span> <span class='ocrx_word' id='word_1_104' title='bbox 279 2812 403 2866; x_wconf 86' lang='lat' dir='ltr'>exaudiri</span> <span class='ocrx_word' id='word_1_105' title='bbox 416 2813 534 2878; x_wconf 82' lang='lat' dir='ltr'>gemitus</span> <span class='ocrx_word' id='word_1_106' title='bbox 545 2814 656 2882; x_wconf 79' lang='lat' dir='ltr'>iraeque</span> <span class='ocrx_word' id='word_1_107' title='bbox 669 2814 786 2881; x_wconf 88' lang='lat' dir='ltr'>leonum,</span> 
     </span>
    </p>

    <p class='ocr_par' dir='ltr' id='par_1_12' title="bbox 192 2898 996 3316">
     <span class='ocr_line' id='line_1_19' title="bbox 192 2898 922 2963; baseline 0 -13"><span class='ocrx_word' id='word_1_108' title='bbox 192 2898 294 2953; x_wconf 85' lang='lat' dir='ltr'>Vincla</span> <span class='ocrx_word' id='word_1_109' title='bbox 305 2906 480 2953; x_wconf 82' lang='lat' dir='ltr'>recusantum</span> <span class='ocrx_word' id='word_1_110' title='bbox 494 2905 522 2952; x_wconf 90' lang='lat' dir='ltr'>et</span> <span class='ocrx_word' id='word_1_111' title='bbox 535 2917 596 2954; x_wconf 86' lang='lat' dir='ltr'>sera</span> <span class='ocrx_word' id='word_1_112' title='bbox 608 2900 658 2954; x_wconf 93' lang='lat' dir='ltr'>sub</span> <span class='ocrx_word' id='word_1_113' title='bbox 671 2906 753 2955; x_wconf 87' lang='lat' dir='ltr'>nocte</span> <span class='ocrx_word' id='word_1_114' title='bbox 766 2900 922 2963; x_wconf 80' lang='lat' dir='ltr'>rudentum,</span> 
     </span>
     <span class='ocr_line' id='line_1_20' title="bbox 193 2985 866 3056; baseline -0.001 -17"><span class='ocrx_word' id='word_1_115' title='bbox 193 2985 379 3056; x_wconf 85' lang='lat' dir='ltr'>Saetigerique</span> <span class='ocrx_word' id='word_1_116' title='bbox 393 3004 454 3040; x_wconf 94' lang='lat' dir='ltr'>sues</span> <span class='ocrx_word' id='word_1_117' title='bbox 468 2993 550 3056; x_wconf 86' lang='lat' dir='ltr'>atque</span> <span class='ocrx_word' id='word_1_118' title='bbox 562 2987 591 3040; x_wconf 93' lang='lat' dir='ltr'>in</span> <span class='ocrx_word' id='word_1_119' title='bbox 604 2988 798 3056; x_wconf 88' lang='lat' dir='ltr'>praesaepibus</span> <span class='ocrx_word' id='word_1_120' title='bbox 810 2987 866 3039; x_wconf 89' lang='lat' dir='ltr'>ursi</span> 
     </span>
     <span class='ocr_line' id='line_1_21' title="bbox 193 3072 919 3142; baseline 0 -17"><span class='ocrx_word' id='word_1_121' title='bbox 193 3072 312 3137; x_wconf 78' lang='lat' dir='ltr'>Saevire,</span> <span class='ocrx_word' id='word_1_122' title='bbox 327 3091 359 3127; x_wconf 91' lang='lat' dir='ltr'>ac</span> <span class='ocrx_word' id='word_1_123' title='bbox 371 3075 476 3127; x_wconf 86' lang='lat' dir='ltr'>formae</span> <span class='ocrx_word' id='word_1_124' title='bbox 488 3092 651 3141; x_wconf 74' lang='lat' dir='ltr'>magnorum</span> <span class='ocrx_word' id='word_1_125' title='bbox 665 3074 770 3128; x_wconf 87' lang='lat' dir='ltr'>ululare</span> <span class='ocrx_word' id='word_1_126' title='bbox 781 3074 919 3142; x_wconf 80' lang='lat' dir='ltr'>luporum,</span> 
     </span>
     <span class='ocr_line' id='line_1_22' title="bbox 193 3158 996 3229; baseline 0.001 -18"><span class='ocrx_word' id='word_1_127' title='bbox 193 3158 269 3223; x_wconf 83' lang='lat' dir='ltr'>Quos</span> <span class='ocrx_word' id='word_1_128' title='bbox 282 3160 425 3214; x_wconf 90' lang='lat' dir='ltr'>hominum</span> <span class='ocrx_word' id='word_1_129' title='bbox 439 3178 474 3215; x_wconf 89' lang='lat' dir='ltr'>ex</span> <span class='ocrx_word' id='word_1_130' title='bbox 487 3161 557 3214; x_wconf 83' lang='lat' dir='ltr'>faeie</span> <span class='ocrx_word' id='word_1_131' title='bbox 571 3160 623 3215; x_wconf 90' lang='lat' dir='ltr'>dea</span> <span class='ocrx_word' id='word_1_132' title='bbox 637 3178 717 3215; x_wconf 88' lang='lat' dir='ltr'>saeva</span> <span class='ocrx_word' id='word_1_133' title='bbox 731 3161 891 3229; x_wconf 89' lang='lat' dir='ltr'>potentibus</span> <span class='ocrx_word' id='word_1_134' title='bbox 903 3159 996 3213; x_wconf 83' lang='lat' dir='ltr'>herbis</span> 
     </span>
     <span class='ocr_line' id='line_1_23' title="bbox 192 3245 837 3316; baseline 0.005 -18"><span class='ocrx_word' id='word_1_135' title='bbox 192 3245 323 3301; x_wconf 89' lang='lat' dir='ltr'>Induerat</span> <span class='ocrx_word' id='word_1_136' title='bbox 337 3247 415 3300; x_wconf 82' lang='lat' dir='ltr'>Circe</span> <span class='ocrx_word' id='word_1_137' title='bbox 427 3249 457 3300; x_wconf 92' lang='lat' dir='ltr'>in</span> <span class='ocrx_word' id='word_1_138' title='bbox 471 3248 561 3301; x_wconf 85' lang='lat' dir='ltr'>voltus</span> <span class='ocrx_word' id='word_1_139' title='bbox 574 3265 605 3302; x_wconf 85' lang='lat' dir='ltr'>se</span> <span class='ocrx_word' id='word_1_140' title='bbox 619 3253 696 3316; x_wconf 85' lang='lat' dir='ltr'>terga</span> <span class='ocrx_word' id='word_1_141' title='bbox 708 3249 837 3302; x_wconf 87' lang='lat' dir='ltr'>ferarum.</span> 
     </span>
    </p>

    <p class='ocr_par' dir='ltr' id='par_1_13' title="bbox 193 3332 854 3403">
     <span class='ocr_line' id='line_1_24' title="bbox 193 3332 854 3403; baseline 0.003 -17"><span class='ocrx_word' id='word_1_142' title='bbox 193 3332 269 3396; x_wconf 83' lang='lat' dir='ltr'>Quae</span> <span class='ocrx_word' id='word_1_143' title='bbox 281 3351 317 3386; x_wconf 91' lang='lat' dir='ltr'>ne</span> <span class='ocrx_word' id='word_1_144' title='bbox 327 3339 453 3388; x_wconf 89' lang='lat' dir='ltr'>monstra</span> <span class='ocrx_word' id='word_1_145' title='bbox 463 3335 502 3402; x_wconf 90' lang='lat' dir='ltr'>pii</span> <span class='ocrx_word' id='word_1_146' title='bbox 516 3339 678 3403; x_wconf 85' lang='lat' dir='ltr'>paterentur</span> <span class='ocrx_word' id='word_1_147' title='bbox 690 3335 756 3389; x_wconf 82' lang='lat' dir='ltr'>talia</span> <span class='ocrx_word' id='word_1_148' title='bbox 768 3334 854 3388; x_wconf 89' lang='lat' dir='ltr'>Troes</span> 
     </span>
    </p>

    <p class='ocr_par' dir='ltr' id='par_1_14' title="bbox 192 3418 818 3488">
     <span class='ocr_line' id='line_1_25' title="bbox 192 3418 818 3488; baseline 0.003 -18"><span class='ocrx_word' id='word_1_149' title='bbox 192 3418 283 3474; x_wconf 87' lang='lat' dir='ltr'>Delati</span> <span class='ocrx_word' id='word_1_150' title='bbox 295 3419 324 3472; x_wconf 92' lang='lat' dir='ltr'>in</span> <span class='ocrx_word' id='word_1_151' title='bbox 337 3425 440 3487; x_wconf 82' lang='lat' dir='ltr'>portus,</span> <span class='ocrx_word' id='word_1_152' title='bbox 454 3437 508 3474; x_wconf 92' lang='lat' dir='ltr'>neu</span> <span class='ocrx_word' id='word_1_153' title='bbox 521 3421 603 3475; x_wconf 86' lang='lat' dir='ltr'>litora</span> <span class='ocrx_word' id='word_1_154' title='bbox 615 3422 676 3475; x_wconf 85' lang='lat' dir='ltr'>dire</span> <span class='ocrx_word' id='word_1_155' title='bbox 688 3422 818 3488; x_wconf 86' lang='lat' dir='ltr'>subirent,</span> 
     </span>
    </p>

    <p class='ocr_par' dir='ltr' id='par_1_15' title="bbox 192 3503 801 3575">
     <span class='ocr_line' id='line_1_26' title="bbox 192 3503 801 3575; baseline 0.003 -18"><span class='ocrx_word' id='word_1_156' title='bbox 192 3503 339 3573; x_wconf 88' lang='lat' dir='ltr'>Neptunus</span> <span class='ocrx_word' id='word_1_157' title='bbox 351 3507 441 3559; x_wconf 88' lang='lat' dir='ltr'>ventis</span> <span class='ocrx_word' id='word_1_158' title='bbox 453 3507 580 3575; x_wconf 83' lang='lat' dir='ltr'>implevit</span> <span class='ocrx_word' id='word_1_159' title='bbox 593 3508 654 3561; x_wconf 86' lang='lat' dir='ltr'>vela</span> <span class='ocrx_word' id='word_1_160' title='bbox 666 3506 801 3575; x_wconf 87' lang='lat' dir='ltr'>secundis,</span> 
     </span>
    </p>
   </div>
   <div class='ocr_carea' id='block_1_4' title="bbox 0 0 1358 3938">
    <p class='ocr_par' dir='ltr' id='par_1_16' title="bbox 0 0 1358 3938">
     <span class='ocr_line' id='line_1_27' title="bbox 0 0 1358 3938; baseline 0 2"><span class='ocrx_word' id='word_1_161' title='bbox 0 0 1358 3938; x_wconf 95' lang='lat' dir='ltr'> </span> 
     </span>
    </p>
   </div>
  </div>
 </body>
</html>
