2656 3940
422 229 561 282 vnuelnr
584 231 748 282 muninus
772 233 816 284 IX.

108 393 275 462 Oonfixique
288 395 345 448 suis
357 394 421 448 telis
434 399 462 448 et
473 400 588 464 pectora
601 395 671 448 duro

106 481 264 536 Transfossi
275 481 353 549 ligno
365 481 489 536 veniunt.
529 481 585 535 Vix
598 499 670 535 unus
682 481 805 535 Helenor

106 567 144 622 Et
155 569 249 636 Lycus
263 568 363 638 elapsi3
385 585 500 638 quorum
515 570 671 638 primaevus
684 568 815 636 Helenor,

105 655 237 710 Maeonio
250 657 308 724 regi
322 673 402 724 quem
416 673 496 710 serva
507 657 651 724 Licymnia
662 657 759 710 furtim

107 743 265 797 Sustulerat
277 743 427 812 vetitisque
441 743 476 797 ad
489 742 598 797 Troiam
612 744 724 798 miserat
737 744 828 812 armis,

106 827 182 883 Ense
194 829 265 883 levis
276 829 351 882 nudo
364 845 514 898 parmaque
525 829 661 897 inglorius
673 829 743 884 alba

106 917 190 986 Isque
202 917 250 970 ubi
265 933 294 970 se
306 915 391 970 Turni
402 917 495 970 media
506 917 581 970 inter
592 916 669 971 milia
682 916 759 986 vidit,

106 1005 182 1058 Hinc
195 1004 268 1058 acies
280 1009 362 1072 atque
374 1004 441 1057 binc
454 1004 526 1058 aoies
538 1009 627 1058 astare
642 1003 770 1058 Latinas:

107 1091 146 1144 Ut
157 1092 226 1159 fera,
241 1107 318 1159 quae,
333 1091 419 1144 densa
431 1097 582 1145 venantum
595 1097 690 1160 saepta
703 1107 812 1160 corona,

107 1179 216 1232 Contra
228 1178 284 1232 tela
296 1179 374 1246 furit,
389 1195 501 1247 seseque
514 1178 587 1232 baud
602 1181 694 1232 nescia
707 1179 790 1232 morti

106 1265 191 1319 Inicit
204 1271 234 1319 et
246 1265 317 1320 saltu
330 1282 413 1334 supra
425 1267 560 1321 venabula
573 1267 676 1333 sertum

106 1353 193 1407 Haud
206 1353 286 1407 aliter
298 1353 407 1407 iuvenis
419 1354 525 1407 medios
538 1353 687 1407 moriturus
698 1354 729 1407 in
740 1354 829 1408 boetis

106 1440 209 1508 Inruit,
225 1446 261 1504 et,
276 1457 329 1509 qua
342 1440 398 1494 tela
412 1441 487 1495 videt
500 1441 667 1506 densissima,
684 1441 783 1495 tendit.

107 1527 149 1580 At
161 1527 281 1596 pedibus
293 1526 373 1594 longe
386 1528 483 1582 melior
495 1528 585 1595 Lycus
597 1529 671 1582 inter
683 1535 711 1581 at
723 1527 812 1582 hostis

108 1615 189 1668 luter
203 1621 232 1669 et
245 1631 322 1668 arma
334 1615 401 1683 fuga
412 1631 507 1670 muros
519 1621 603 1680 tenet,
619 1616 730 1684 altaque
744 1622 832 1669 certat

106 1701 252 1756 Prendere
263 1707 338 1756 tecta
350 1719 432 1756 mann
445 1703 603 1771 sociumque
616 1703 750 1772 attingere
763 1703 884 1757 dextras.

108 1789 199 1854 Quem
213 1789 329 1858 Turnus,
343 1790 448 1858 pariter
460 1806 541 1844 cursu
555 1790 666 1859 teloque
679 1796 795 1854 secutus,

108 1877 243 1945 Increpat
255 1877 299 1930 bis
311 1877 415 1931 victor:
437 1880 455 1907 ‘⁴
465 1876 618 1932 Nostraene
630 1878 754 1945 evadere,
770 1877 891 1944 demens,
909 1921 912 1928 .

107 1964 234 2032 Sperasti
246 1969 274 2017 te
287 1980 366 2032 posse
378 1965 492 2019 manuel
501 1965 517 1992 ”
536 1965 618 2018 simul
631 1966 728 2034 arripit
740 1967 829 2034 ipsum

107 2051 290 2107 Pendentem.
306 2056 334 2104 et
345 2067 445 2120 magna
459 2053 530 2106 muri
544 2070 604 2107 cnm
619 2060 697 2122 parte
712 2053 833 2108 revellit:

108 2138 208 2203 Qualis
220 2139 266 2191 ubi
280 2145 327 2192 aot
339 2138 460 2208 leporem
475 2145 522 2194 aut
535 2141 664 2194 candenti
678 2157 793 2210 corpore
807 2157 924 2208 cycnum

107 2225 229 2278 Sustulit
241 2225 297 2278 alta
308 2231 406 2293 petens
418 2226 535 2295 pedibus
547 2227 621 2281 lovis
634 2228 753 2296 armiger
767 2229 852 2297 uncis,

108 2312 275 2377 Quaesitum
288 2317 336 2366 aut
348 2313 430 2366 matri
443 2313 539 2367 multis
551 2314 688 2369 balatibus
701 2331 802 2382 agnum

107 2399 228 2454 Martius
241 2416 258 2453 a
270 2399 384 2453 stabulis
397 2401 490 2469 rapuit
499 2401 589 2470 lupus.
629 2403 757 2471 Undique
769 2389 874 2458 clamor

107 2486 244 2552 Tollitur3
263 2486 400 2540 invadunt
412 2497 441 2541 et
452 2489 542 2543 fossas
554 2505 654 2557 aggere
669 2490 823 2558 complent3

107 2574 245 2626 Ardentis
257 2574 352 2627 taedas
365 2575 410 2628 alii
425 2575 457 2628 ad
471 2577 584 2644 fastigia
595 2577 706 2632 iactant.

106 2657 233 2714 Ilioneus
245 2677 313 2714 saxo
326 2666 409 2730 atque
421 2661 528 2731 ingenti
541 2664 677 2732 fragmine
690 2666 793 2720 montis

106 2747 263 2816 Lucetium,
278 2755 375 2816 portae
388 2750 551 2804 subeuntem
563 2752 690 2820 ignisque
703 2754 847 2821 ferentem,

106 2835 282 2889 Emathiona
294 2835 383 2904 Liger,
398 2836 573 2904 Oorynaeum
588 2840 688 2892 sternit
700 2839 799 2902 Asilae,

107 2923 162 2976 Hic
175 2922 267 2976 iaculo
281 2923 376 2991 bonus,
392 2923 436 2998 bio
448 2923 529 2992 longe
544 2925 657 2978 fallente
670 2927 787 2994 sagitta3

107 3011 259 3079 Ortygium
273 3009 552 3080 Caeneus-victorem
568 3013 676 3067 annea
689 3013 804 3082 Turnus,

107 3098 218 3152 Turnus
230 3097 306 3166 Itym
320 3098 512 3168 Cloniumque,
527 3099 695 3170 Dioxippum
709 3102 932 3172 Promolumque,

107 3185 143 3238 Et
157 3186 283 3252 Sagarim
298 3191 327 3239 et
339 3187 453 3240 summis
466 3191 587 3241 stantem
601 3205 651 3256 pro
664 3189 787 3242 turribus
800 3189 870 3243 Idan
881 3209 887 3252 ς

106 3272 273 3326 Privernum
288 3271 389 3340 Capys.
429 3272 510 3326 Hunc
522 3275 612 3342 primo
626 3276 694 3328 levis
706 3276 787 3329 basta
799 3275 950 3331 Themillae

107 3362 283 3414 strinxerat:
304 3359 352 3412 ille
365 3375 475 3412 manum
488 3361 613 3429 proiecto
625 3363 747 3430 tegmine
760 3363 873 3417 demens

108 3448 152 3501 Ad
165 3448 266 3500 volnus
280 3446 360 3514 tulit3
382 3463 448 3514 argo
461 3447 511 3501 alis
523 3449 636 3518 adlapsa
649 3450 750 3515 sagitt-r

106 3535 142 3589 Et
155 3537 237 3590 laevo
250 3534 345 3589 adfixa
357 3540 399 3587 est
411 3533 492 3588 lateri
504 3553 610 3605 manus,
626 3537 773 3606 abditaque
787 3539 862 3592 intus
