2656 3940
421 224 559 274 vuaulm
582 223 747 274 autumnos
770 222 813 274 xl.

103 387 167 443 Hac
179 387 289 442 Arruns
301 387 383 454 subit,
398 392 426 441 et
438 387 539 442 tacitus
554 386 670 454 vestigia
681 385 795 454 lustrat;

105 476 169 542 Qua
181 474 280 529 victrix
293 475 366 528 redit
379 475 426 528 illa
437 475 590 544 pedemque
603 490 637 526 ex
650 473 731 526 hoste
742 477 876 542 reportat,

105 564 167 617 Hac
178 563 287 616 iuvenis
297 561 395 614 furtim
410 561 506 616 celeris
519 562 665 629 detorquet
677 559 807 614 habenas.

105 652 166 705 Hos
178 651 276 718 aditus,
290 650 401 718 iamque
414 649 466 703 hos
479 649 578 714 aditus,
594 664 757 716 omnemque
769 655 894 717 pererrat

105 738 235 807 Undique
248 738 400 806 circuitum,
417 743 444 790 et
457 743 562 791 certam
575 736 665 806 quatit
676 736 820 804 improbus
831 735 948 792 hastam.

104 826 191 880 Forte
205 841 281 879 sacer
295 824 416 892 Cybelae
429 824 571 891 Ohloreus,
587 823 707 892 olimque
719 822 853 891 sacerdos,

104 913 226 981 Insignis
237 913 319 980 longe
331 910 460 980 Phrygiis
472 910 596 979 fulgebat
609 910 638 964 in
652 909 745 978 armis,

105 1001 342 1068 Spumantemque
355 999 477 1068 agitabat
489 1015 597 1068 equum,
612 1013 693 1066 quem
705 997 785 1066 pellis
797 997 873 1053 aenis

104 1088 139 1141 In
152 1087 273 1156 plumam
287 1089 408 1156 squamis
421 1103 488 1140 auro
501 1091 628 1140 conserta
640 1085 758 1153 tegebat.

104 1174 176 1243 lpse,
192 1175 337 1243 peregrina
348 1173 486 1242 ferrugine
498 1173 588 1228 clarus
601 1177 630 1225 et
641 1177 725 1240 ostro,

105 1261 218 1331 Spicula
229 1262 378 1330 torquebat
389 1260 474 1328 Lycio
488 1261 626 1329 Gortynia
639 1277 740 1328 oornn;

105 1350 218 1403 Aureus
230 1366 265 1402 ex
277 1349 379 1402 umeris
391 1354 472 1402 sonat
483 1366 570 1418 arcus,
585 1359 614 1402 et
626 1365 708 1402 aurea
721 1348 778 1401 vati

106 1436 234 1502 Gassida3
256 1442 316 1490 tum
329 1452 454 1490 croceam
467 1436 694 1505 chlamydemque
709 1436 838 1504 sinusque
851 1436 990 1506 crepantis

106 1524 260 1579 (iarbaseos
271 1524 348 1578 fulvo
360 1525 388 1576 in
402 1525 505 1577 nodum
518 1525 667 1593 collegerat
682 1540 756 1592 auro,

105 1611 202 1665 Piotus
214 1629 265 1666 acu
276 1611 385 1665 tunicas
397 1618 426 1664 et
437 1612 556 1666 barbara
568 1612 691 1680 tegmina
703 1627 823 1666 crurum.

105 1699 187 1753 Hunc
200 1701 288 1767 virgo,
299 1699 357 1752 sive
370 1705 401 1752 ut
412 1698 523 1766 templis
535 1698 701 1768 praefigeret
713 1716 791 1753 arma

105 1786 194 1854 Troia,
211 1787 322 1856 captivo
334 1786 392 1840 sive
403 1796 436 1839 ut
448 1803 477 1840 se
488 1787 574 1840 ferret
586 1787 615 1839 in
628 1803 704 1856 auro,

105 1873 243 1928 Venatrix
255 1890 342 1926 unum
355 1889 389 1926 ex
402 1874 476 1926 omni
489 1874 639 1928 certamine
652 1890 760 1944 pugnae

106 1961 195 2015 (laeoa
208 1960 380 2029 sequebatur,
395 1965 540 2030 totumque
552 1961 665 2016 incauta
676 1979 725 2030 per
738 1980 836 2032 agmen

104 2049 238 2103 Femineo
250 2047 369 2117 praedae
381 2053 409 2102 et
422 2047 572 2116 spoliorum
586 2048 700 2104 ardebat
711 2067 820 2105 amore:

105 2135 201 2190 Telum
215 2152 250 2189 ex
263 2135 369 2188 insidiis
381 2151 444 2188 oum
456 2136 568 2189 tandem
581 2143 707 2207 tempore
720 2147 800 2209 capto

106 2223 237 2277 Concitet
249 2227 278 2276 et
291 2239 404 2291 superos
416 2222 525 2276 Arruns
537 2224 576 2277 sic
588 2242 657 2279 voce
669 2235 811 2295 precatur:

106 2311 123 2339 ‘²
131 2310 246 2364 Summe
258 2309 347 2373 deum,
362 2310 449 2364 sancti
461 2315 554 2364 custos
566 2310 687 2368 Soractis
700 2315 811 2384 Apollo,

106 2398 194 2464 Quem
208 2397 291 2466 primi
303 2396 425 2465 colimus,
440 2397 485 2450 eui
497 2397 594 2466 pineus
607 2399 690 2454 ardor
702 2420 801 2460 acervo

104 2485 238 2553 Pascitur,
254 2490 282 2538 et
293 2485 414 2538 medium
426 2485 490 2539 freti
503 2486 607 2554 pietate
618 2505 668 2557 per
680 2491 773 2560 ignem

105 2573 234 2626 Oultores
246 2571 334 2625 multa
345 2572 497 2640 premimus
511 2574 627 2643 vestigia
638 2593 734 2648 pruna,

102 2661 154 2729 Da,
169 2661 264 2725 Pater,
279 2660 331 2713 hoc
342 2659 446 2713 nostris
458 2659 562 2714 aboleri
576 2663 693 2719 dedecus
707 2668 798 2734 armis,

103 2749 298 2817 Omnipotens.
336 2745 401 2801 Non
413 2749 527 2802 erudas
539 2751 667 2818 pulsaeve
680 2759 825 2824 tropaeum

103 2836 238 2906 Virginis,
253 2842 301 2889 aut
313 2835 400 2903 spolia
412 2836 468 2890 ulla
479 2842 559 2906 peto3
579 2840 648 2893 mibi
662 2848 754 2896 oetera
765 2842 872 2897 laudem

103 2925 188 2979 Facta
199 2925 310 2978 ferent:
330 2923 398 2977 haec
411 2923 471 2978 dira
483 2943 546 2980 meo
559 2927 624 2980 dum
639 2929 751 2984 volnere
763 2932 849 2998 pestis

102 3012 187 3066 Pulsa
199 3010 289 3078 cadat,
303 3012 407 3079 patriae
419 3013 548 3067 remeabo
561 3014 696 3083 inglorius
708 3018 816 3071 urbes.”

104 3099 203 3153 Audiit
215 3104 244 3153 et
258 3099 316 3152 voti
328 3097 459 3154 Phoebus
472 3101 618 3156 suocedere
630 3109 737 3171 partem

102 3187 197 3242 Mente
209 3186 295 3256 dedit,
309 3192 418 3256 partem
432 3187 552 3241 volucris
565 3188 696 3258 dispersit
708 3192 737 3244 in
750 3209 846 3246 auras:

102 3275 248 3329 Sterneret
260 3280 292 3328 nt
304 3276 396 3329 subita
408 3275 548 3328 turbatam
563 3284 654 3330 morte
669 3277 821 3334 Camillam.

104 3363 210 3417 Adnuit
223 3363 331 3429 oranti,
352 3362 482 3416 reducem
494 3370 525 3416 ut
538 3364 627 3431 patria
641 3364 696 3420 alta
709 3365 823 3430 videret,

101 3449 166 3506 Non
178 3451 264 3511 dedit.
279 3451 363 3520 inque
375 3454 459 3503 notos
470 3465 567 3504 vocem
580 3456 689 3506 vertere
702 3454 847 3520 procellae.

100 3537 182 3609 Ergo,
196 3545 229 3593 nt
241 3538 326 3591 missa
339 3551 423 3589 manu
437 3536 557 3590 sonitum
570 3537 647 3593 dedit
659 3538 739 3594 hasta
752 3557 803 3609 per
815 3558 903 3610 auras,
