2734 3936
511 180 649 231 vanam
672 179 801 230 ECLOGA
824 179 871 229 ΙΙΙ.

179 345 250 398 Cum
262 345 363 423 {aelam
376 343 464 397 vitula
477 360 527 411 pro
540 343 674 411 frugibus,
689 343 747 410 ipse
760 343 863 395 venito.

210 431 290 484 ΜΕΝ.
310 430 439 497 Phyllida
451 446 512 482 amo
526 435 589 482 ante
603 429 684 482 alias:
706 445 768 482 nam
781 445 825 482 me
839 427 978 481 discedere
990 426 1074 495 flevit,

178 518 216 570 Et
228 518 340 586 longum
355 517 518 578 “Formcse,
533 516 601 583 vale,
617 515 706 583 vale,'’
719 516 816 584 inquit,
833 515 954 568 “Iolla'’

215 604 292 658 Dan.
312 604 401 656 Triste
413 602 496 670 lupus
508 602 630 670 stabulis,
645 603 761 654 maturis
774 602 899 670 frugibus
911 601 1022 674 imbres,

179 690 337 744 Arboribus
348 689 433 758 venti,
448 689 529 742 nobis
542 687 722 754 Amaryllidis
735 689 800 741 irae.

214 777 290 832 ΜΕΝ.
309 776 398 830 Dulce
412 776 477 829 satis
489 793 577 838 umor,
591 775 712 843 depulsis
725 777 838 828 arbutus
850 775 952 843 haedis,

179 864 267 918 Lenta
280 864 348 918 salix
360 864 417 916 feto
430 862 532 931 pecori,
546 863 615 914 mihi
629 862 702 915 solus
714 866 859 929 Amyntas.

214 951 292 1004 Dan.
313 949 403 1004 Pollio
416 955 489 1002 amat
501 955 633 1017 nostram,
649 950 773 1018 quamvis
786 957 828 1003 est
840 948 950 1018 rustica,
964 948 1087 1003 Musam:

180 1037 311 1105 Pierides,
326 1036 440 1090 vitulam
453 1035 549 1109 lectori
562 1037 665 1105 pascite
678 1042 779 1090 vestre.

215 1123 290 1178 ΜΕΝ.
310 1123 401 1176 Pollio
414 1123 512 1192 etipse
524 1123 594 1176 facit
606 1139 678 1176 nova
691 1123 827 1176 carmina:
848 1123 953 1192 pascite
966 1129 1083 1192 taurum,

180 1210 240 1265 Iam
253 1227 340 1264 cornu
352 1215 429 1279 petat
443 1215 472 1262 et
483 1209 600 1278 pedibus
613 1210 657 1278 qui
671 1216 781 1278 spargat
794 1210 934 1263 harenam.

215 1299 292 1352 Dan.
313 1297 368 1362 Qui
380 1304 416 1364 te,
430 1296 528 1364 Pollio,
543 1301 625 1364 amat,
640 1297 740 1365 veniat,
756 1313 810 1365 quo
823 1303 851 1350 te
864 1313 972 1365 quoqne
984 1295 1100 1365 gaudet3

180 1385 263 1440 Mella
275 1384 362 1437 fiuant
374 1384 423 1451 illi,
438 1383 509 1436 ferat
521 1388 550 1436 et
562 1384 647 1436 rubus
660 1400 739 1452 asper
752 1400 899 1437 amomum.

216 1472 291 1526 Mnu.
313 1471 366 1536 Qui
380 1469 495 1525 Bavium
508 1487 563 1523 non
579 1470 644 1537 odit,
659 1475 734 1524 amet
745 1476 795 1524 tua
807 1471 936 1540 carmina,
951 1470 1050 1539 Maeui,
1168 1474 1203 1524 90

181 1561 274 1628 Atque
287 1558 359 1611 idem
371 1558 468 1626 iungat
480 1557 576 1625 volpes
589 1564 617 1610 et
629 1557 750 1626 mulgeat
762 1559 862 1612 hireos.

215 1646 294 1698 Dan.
316 1644 370 1709 Qui
382 1643 474 1712 legitis
486 1643 568 1696 fiores
581 1649 609 1696 et
621 1643 698 1697 humi
710 1645 854 1698 nascentia
865 1645 953 1713 fraga,

180 1732 314 1800 Frigidus,
329 1748 346 1784 o
358 1732 444 1800 pueri,
459 1731 548 1798 fugite
561 1731 633 1798 hinc,
648 1731 716 1784 latet
730 1733 827 1801 anguis
840 1732 869 1784 in
882 1732 974 1786 herba

216 1819 291 1872 ΜΕΝ.
311 1818 427 1886 Parcite,
443 1835 515 1885 oves,
532 1818 647 1870 nimium
661 1819 826 1892 procedere:
847 1835 904 1871 non
918 1819 986 1872 bene
998 1818 1074 1887 ripae

181 1905 325 1973 Oreditur3
346 1907 404 1973 ipse
417 1907 487 1960 aries
499 1907 583 1959 etiam
596 1923 669 1960 nunc
685 1907 786 1960 vellera
799 1907 891 1960 siccat.

216 1994 292 2046 Dan.
313 1992 414 2060 Tityre,
429 1994 565 2061 pascentis
579 1993 718 2047 afiumine
733 1995 805 2048 reice
818 1993 950 2063 capellas:

179 2077 249 2146 Ipse,
261 2077 309 2130 ubi
320 2084 428 2146 tempus
438 2079 498 2149 erit,
513 2081 603 2134 omnis
615 2081 642 2133 in
655 2082 735 2135 fonte
748 2081 854 2135 lavabo.

216 2167 292 2220 ΜΕΝ.
313 2166 410 2235 Cogite
423 2169 490 2233 ovis,
505 2168 601 2236 pueri,
623 2169 645 2221 si
657 2168 699 2222 lac
713 2170 884 2238 praeceperit
897 2172 997 2237 aestus,

181 2253 220 2308 Ut
233 2271 327 2322 nuper,
341 2254 444 2308 frustra
456 2255 642 2322 pressabimus
655 2255 740 2309 ubera
751 2255 857 2323 palmis.

216 2340 293 2395 Dan.
313 2341 383 2408 Heu,
394 2341 456 2408 heu,
469 2358 550 2410 quam
560 2342 655 2410 pingui
665 2359 757 2396 macer
767 2353 809 2395 est
822 2343 888 2395 mihi
899 2348 994 2396 taurus
1006 2342 1036 2394 in
1045 2342 1127 2394 ervo!
1149 2344 1201 2394 100

180 2427 258 2482 Idem
271 2445 348 2482 amor
362 2427 476 2481 exitium
490 2429 582 2496 pecori
595 2429 756 2497 pecorisque
769 2429 910 2497 magistro.

215 2515 290 2569 ΜΕΝ.
311 2514 362 2567 His
375 2520 449 2568 certe
462 2531 551 2583 neque
564 2532 642 2569 amor
655 2532 738 2569 causa
751 2521 807 2569 est:
828 2516 875 2568 vix
889 2516 994 2569 ossibus
1005 2515 1129 2569 haerent.

180 2599 282 2653 Nescio
295 2599 356 2668 quis
367 2605 477 2653 teneros
489 2600 584 2654 oculus
597 2600 665 2653 mihi
678 2601 795 2654 fascinat
807 2617 901 2669 agnos.

215 2686 293 2739 Dan.
313 2685 373 2754 Dic,
389 2687 487 2755 quibus
498 2687 529 2740 in
541 2689 689 2740 terris-et
703 2688 756 2742 eris
768 2687 837 2740 mibi
849 2703 966 2756 magnus
978 2686 1117 2754 Apollo—-

180 2773 240 2825 Tris
252 2777 345 2842 pateat
358 2773 425 2826 caeli
439 2775 556 2842 spatium
570 2791 627 2828 non
640 2774 758 2844 amplius
770 2775 856 2828 ulnas.
1149 2775 1200 2826 105

214 2859 288 2913 ΜΕΝ.
308 2859 368 2927 Dic,
384 2861 482 2928 quibus
494 2862 524 2914 in
536 2863 618 2915 terris
630 2861 756 2929 inscripti
769 2864 881 2914 nomina
893 2877 989 2928 regum

180 2944 335 3000 Nascantur
347 2946 442 3014 fiores;
464 2954 491 3000 et
504 2947 633 3014 Phyllida
644 2948 718 3001 solus
730 2947 838 3001 habete.

214 3033 281 3086 Pan.
302 3031 365 3086 Non
378 3039 503 3087 nostrum
516 3035 590 3088 inter
603 3052 652 3088 vos
664 3041 755 3090 tantas
769 3050 933 3103 componere
944 3034 1016 3088 lites

179 3119 215 3173 Et
227 3119 314 3174 vitula
325 3125 357 3173 tu
370 3121 476 3189 dignus,
492 3126 519 3174 et
533 3122 653 3190 hia—et
666 3122 786 3190 quisquis
799 3138 907 3174 amores

179 3206 239 3260 Aut
251 3212 356 3260 metuet
369 3208 464 3277 dulcis,
480 3218 527 3262 aut
541 3211 699 3278 experietur
712 3227 827 3263 amaros.

180 3293 307 3372 Claudite
320 3294 375 3348 iam
388 3295 470 3364 rivos,
485 3298 581 3364 pueri:
604 3302 646 3349 sat
658 3301 739 3364 prata
752 3296 889 3350 biberunt.
