2706 3938
516 227 654 276 VERGILI
677 226 842 276 AENEIDOS
866 226 910 274 IV.

206 387 316 443 Nubila.
353 389 467 458 lamque
479 388 577 442 volans
588 389 694 456 apicem
709 393 737 441 et
749 388 837 441 latera
849 387 935 441 ardua
947 386 1036 440 cernit

204 475 328 529 Atlantis
341 476 410 544 duri,
425 475 531 529 caelum
545 475 593 545 qui
606 476 710 529 vertice
722 475 808 541 fulcit,

204 563 336 632 Atlantis,
351 563 471 617 cinctum
485 562 597 616 adsidue
610 563 655 616 oui
669 563 788 616 nubibus
801 563 870 616 atris

204 650 358 704 Piniferum
373 654 455 717 caput
468 662 496 703 et
509 656 593 702 vento
603 649 728 718 pulsatur
741 655 770 703 et
782 649 878 716 imhri3

204 735 260 790 Nix
273 753 384 790 umeros
396 736 489 790 infusa
501 737 586 804 tegit3
607 741 667 790 turn
680 736 794 790 flumina
808 740 903 789 mento

205 825 394 893 Praecipitant
406 825 487 891 senia,
503 828 531 877 ct
542 823 630 892 glaeie
642 824 714 892 riget
725 823 840 877 horrida
852 824 947 878 barba.

205 911 258 964 Hie
270 911 389 980 primum
403 911 515 980 paribus
528 911 620 964 nitens
633 910 775 978 Cyllenius
787 910 837 964 alis

205 993 352 1067 Constitit3
372 997 437 1052 hino
450 1004 511 1052 toto
523 1014 657 1067 praeceps
669 1014 699 1050 se
712 1013 828 1065 corpore
841 997 876 1052 ad
888 997 979 1052 undas

205 1086 287 1154 Misit,
303 1086 346 1139 avi
359 1086 462 1154 similis,
477 1101 547 1154 quae
560 1086 662 1139 circum
680 1084 770 1152 litora,
785 1085 890 1138 circum

205 1173 330 1227 Piscosos
343 1172 470 1240 scopulos
483 1171 594 1226 humilis
608 1171 684 1226 volat
697 1188 817 1240 aequora
830 1172 914 1227 iuxta.

205 1261 287 1315 Haud
301 1261 381 1316 aliter
393 1265 482 1314 terras
494 1261 567 1313 iuter
580 1259 741 1328 caelumque
754 1259 866 1314 volabat

204 1347 284 1402 Litus
296 1346 462 1401 harenosum
475 1346 508 1400 ad
522 1346 633 1415 Libyae,
648 1354 799 1416 ventosque
812 1348 924 1402 secabat

205 1435 332 1488 Materno
345 1435 459 1488 veniens
472 1435 506 1488 ab
520 1451 573 1488 avo
587 1433 712 1501 Cyllenia
725 1434 824 1504 proles.

206 1521 245 1575 Ut
257 1522 376 1591 primum
389 1521 469 1575 alatis
481 1521 573 1588 tetigit
585 1521 704 1588 magalia
715 1521 824 1589 plantis,

206 1609 321 1662 Aenean
332 1608 493 1662 fundantem
507 1625 584 1662 arces
596 1625 627 1662 ac
641 1613 715 1662 tecta
728 1615 877 1663 novantem

207 1694 362 1763 (lonspioit3
385 1703 468 1764 atque
480 1695 521 1748 illi
535 1695 659 1750 stellatus
675 1695 780 1764 iaspide
792 1697 872 1752 fulva

205 1782 286 1836 Ensis
300 1786 368 1846 erat,
384 1782 522 1850 Tyrioque
535 1783 651 1837 ardebat
663 1784 768 1836 murice
780 1783 862 1838 laena

205 1870 330 1924 Demissa
343 1887 376 1923 ex
389 1870 497 1937 umeris
510 1870 587 1924 dives
600 1887 670 1939 quae
683 1887 798 1925 munera
809 1870 883 1924 Dido

206 1957 321 2010 Fecerat
334 1961 362 2011 et
375 1957 453 2011 tenui
465 1957 535 2010 telas
548 1957 717 2011 discreverat
729 1975 805 2013 auro.

206 2044 347 2100 Continuo
359 2045 480 2099 invadit:
504 2044 571 2098 “Tu
583 2061 658 2098 nuno
671 2045 849 2115 Karthaginis
861 2046 934 2100 altae

205 2131 398 2187 Fundamenta
409 2132 490 2196 locas,
504 2132 704 2201 pulchramque
719 2134 834 2187 uxorius
845 2134 943 2188 urbem

205 2218 350 2273 Exstrnisi
369 2220 423 2273 heu
436 2220 514 2288 regni
527 2236 674 2288 rerumque
687 2219 772 2274 oblite
785 2223 913 2274 tuaruml

206 2305 268 2375 lpse
281 2307 363 2360 deum
376 2307 427 2360 tibi
440 2323 485 2360 me
498 2307 573 2360 claro
588 2306 710 2360 demittit
723 2305 844 2375 Olympo

206 2394 356 2464 Regnator,
371 2394 477 2448 caelum
491 2399 518 2447 et
531 2399 620 2448 terras
633 2395 680 2462 qui
692 2395 807 2448 numine
819 2400 947 2464 torquet;

206 2481 268 2552 lpse
280 2483 348 2548 haec
361 2484 435 2536 ferre
447 2483 526 2535 iubet
538 2481 635 2536 celeris
648 2482 779 2536 mandata
791 2499 839 2551 per
851 2500 946 2538 auras:

207 2569 280 2634 Quid
293 2569 382 2636 struis,
397 2574 445 2623 aut
458 2586 511 2638 qna
524 2586 571 2638 spe
585 2569 695 2637 Libycis
708 2569 776 2624 teris
788 2571 845 2623 otia
857 2571 959 2624 terrisi

207 2655 236 2710 Si
248 2662 276 2710 te
289 2656 363 2710 nulla
375 2662 470 2710 movet
482 2661 624 2710 tantarum
637 2656 726 2725 gloria
738 2673 830 2710 rerum

206 2742 266 2797 Neo
279 2760 361 2813 super
374 2744 432 2814 ipse
445 2749 493 2798 tua
505 2744 611 2798 moliris
625 2744 705 2799 laude
718 2744 851 2812 lahorem,

207 2830 356 2884 Ascanium
371 2839 529 2899 surgentem
543 2836 571 2885 et
583 2848 645 2900 spes
659 2831 767 2885 heredis
780 2831 833 2884 Iuli

206 2917 331 2987 Respice,
346 2918 390 2971 oui
403 2935 518 2985 regnum
531 2917 627 2972 ltaliae
641 2918 821 2987 Romanaque
834 2917 917 2972 tellus

206 3005 379 3060 Debentur.”
416 3005 475 3058 Tali
489 3005 631 3072 Cyllenius
644 3022 693 3059 ore
704 3006 813 3060 locutus

206 3093 332 3146 Mortalis
345 3093 419 3147 visus
431 3093 523 3147 medio
536 3109 664 3146 sermone
676 3093 795 3162 reliquit,

206 3179 243 3233 Et
254 3181 349 3249 procul
362 3181 391 3232 iu
404 3187 515 3234 tenuem
529 3197 563 3234 ex
577 3179 664 3234 oculis
676 3181 788 3234 evannit
802 3197 906 3235 auram.

243 3268 282 3320 At
294 3283 361 3321 vero
374 3266 485 3321 Aeneas
497 3271 609 3335 aspectu
623 3267 763 3320 obmutuit
775 3284 878 3336 amens,

209 3354 394 3422 Arrectaeque
404 3354 520 3407 horrore
533 3369 635 3421 comae,
651 3359 679 3407 et
691 3372 745 3407 vox
759 3355 884 3408 faucibus
896 3354 996 3412 haesit.

210 3441 297 3494 Ardet
309 3440 384 3493 abire
397 3441 461 3508 iuga
473 3440 614 3508 dulcisque
627 3441 782 3509 relinquere
795 3448 891 3510 terras,

208 3526 354 3580 Attonitus
366 3531 445 3580 tanto
458 3527 564 3579 monitu
578 3527 749 3597 imperioque
762 3528 885 3583 deornm.
