2668 3942
541 1033 570 1102 P.
588 1033 727 1102 lllRtllll
751 1033 903 1102 aaronis

448 1231 990 1306 AENEIDOS

488 1444 622 1504 LIBER
650 1443 953 1505 DUODEOIMUS.

195 1755 213 1817 s
212 1770 321 1824 Turnus
333 1777 364 1825 ut
375 1773 511 1826 infractos
523 1772 638 1826 adverso
650 1771 739 1826 Marte
751 1771 865 1825 Latinos

212 1858 352 1912 Defecisae
364 1859 447 1926 videt,
462 1877 511 1914 sua
524 1877 596 1913 nunc
609 1860 743 1930 promissa
756 1859 872 1929 reposci,

214 1946 249 2000 Se
261 1947 362 2014 signari
376 1946 469 2015 oculis,
484 1947 558 2002 ultro
571 1947 749 2017 implacabilis
762 1946 849 2014 ardet,

182 2101 185 2110 A
212 2035 380 2104 Attollitque
393 2036 507 2089 animos.
546 2035 704 2089 Poenorum
718 2035 805 2103 qualis
818 2035 845 2086 in
859 2033 932 2088 arvis

213 2123 327 2176 Saucius
339 2122 386 2176 illa
398 2123 476 2190 gravi
488 2131 638 2177 venantum
652 2123 763 2176 volnere
776 2128 873 2191 pectus

212 2209 281 2262 Tum
294 2210 405 2263 demum
419 2215 512 2263 movet
524 2227 600 2264 arma
611 2211 662 2278 lec,
677 2209 832 2278 gaudetque
844 2209 978 2263 comantis

212 2298 361 2351 Excutiens
374 2297 481 2351 cervice
493 2303 577 2365 toros}
592 2298 733 2366 fixumque
746 2298 870 2351 latronis·

213 2387 372 2456 Impavidus
383 2387 487 2455 frangit
499 2386 593 2452 telum,
609 2391 637 2439 et
649 2386 743 2439 fremit
756 2402 804 2438 ore
817 2391 948 2438 cruento:

212 2474 295 2527 Haud
307 2491 385 2528 secus
398 2490 513 2527 accenso
526 2473 617 2541 gliscit
631 2472 762 2526 violentia
774 2471 875 2526 Turno.

212 2561 281 2613 Tum
295 2561 334 2615 sic
347 2560 458 2614 adfatur
470 2576 569 2629 regem,
587 2566 669 2628 atque
681 2560 721 2612 ita
733 2558 860 2612 turbidus
871 2557 934 2611 infit
944 2576 950 2611 :

215 2649 324 2705 “Nulla
336 2668 414 2706 mora
425 2653 454 2704 in
467 2651 576 2715 Turno;
596 2650 667 2704 nihil
680 2655 729 2716 est,
745 2646 819 2715 quod
831 2645 906 2699 dicta
917 2649 1071 2698 retractent

213 2737 308 2805 Ignavi
323 2738 477 2806 Aeneadae,
492 2754 550 2806 nec,
566 2754 635 2807 quae
649 2739 786 2805 pepigere,
802 2737 937 2786 recusent.

213 2825 392 2894 Congredior.
430 2826 483 2880 Fer
495 2843 579 2892 saera,
594 2830 680 2893 pater,
696 2828 724 2875 et
737 2820 850 2888 concipe
861 2817 968 2871 foedus.

212 2916 271 2968 Aut
284 2915 336 2968 hac
349 2913 520 2968 Dardanium
532 2912 630 2966 dextra
643 2911 694 2964 sub
707 2909 823 2962 Tartara
834 2907 951 2972 mittam,

213 3002 389 3056 Desertorem
403 2998 646 3068 Asines-sedeant
660 2999 839 3065 spectentque
852 2991 979 3046 Latini-—

211 3089 248 3142 Et
261 3090 334 3142 solua
346 3090 422 3142 ferro
436 3088 539 3140 crimen
552 3101 698 3139 commune
711 3082 852 3148 refellam

214 3176 272 3232 Aut
284 3176 385 3231 habeat
398 3175 494 3243 victos,
509 3173 588 3227 cedat
601 3171 717 3226 Lavinia
729 3168 878 3224 ccniunx.”

248 3261 302 3315 Olli
315 3262 411 3316 sedato
423 3261 566 3330 respondit
579 3259 662 3312 corde
675 3258 804 3312 Latinus:

214 3348 264 3401 “0
277 3333 420 3416 praestans
432 3349 515 3402 animi
527 3347 641 3413 iuvenis,
657 3351 788 3414 quantum
802 3345 860 3412 ipsa
873 3343 958 3397 feroci

213 3433 326 3487 Virtute
339 3450 493 3501 exsuperas,
508 3439 586 3486 tanto
599 3450 644 3486 me
656 3432 807 3500 impensius
820 3447 938 3498 aequum
952 3433 994 3482 est

213 3518 369 3585 Consulem,
384 3525 466 3585 atqua
479 3520 568 3572 omnis
580 3524 747 3572 metuentem
761 3515 916 3585 expendere
929 3532 1016 3570 casus.

1200 2561 1232 2610 10

1198 3431 1231 3482 20
