2730 3936
399 303 402 308 Ι
445 242 583 292 VERGILI
606 242 795 292 GEORGIOON
818 243 863 294 111.

139 407 291 477 Postquam
304 415 403 462 exusta
415 406 501 476 palus,
515 413 661 476 terraeque
674 407 772 461 ardore
785 406 940 476 dehiscunt,

139 494 240 567 Exsilit
253 496 282 547 in
295 495 408 561 siecum,
423 501 452 548 et
464 493 634 548 flammantia
646 495 752 548 luminu
764 499 895 562 torquens

140 581 235 635 Saevit
248 583 327 649 agris,
340 597 473 650 asperque
486 581 531 634 siti
544 587 626 651 atque
640 582 789 634 exterritus
803 587 888 636 aestu.

141 667 168 720 N
169 685 201 722 ee
214 669 283 720 mihi
295 673 355 721 tum
366 667 458 721 mollis
469 668 520 722 sub
533 668 599 722 divo
612 684 725 737 carpere
737 684 856 735 somnos,

141 755 206 809 Neu
218 755 300 809 dorso
312 755 434 810 nemoris
446 755 531 809 libeat
543 756 659 810 iacuisse
672 773 722 825 per
734 756 841 823 herbas,

142 842 213 896 (ium
226 842 323 911 positis
334 858 424 896 novus
436 842 542 895 exuviis
554 841 713 911 nitidusque
725 843 838 897 iuventa

142 929 281 998 Volvitur,
297 935 344 982 aut
357 929 464 983 catulos
476 930 558 984 tectis
571 935 619 984 aut
632 946 686 983 ova
697 929 863 998 relinquens,

142 1017 256 1070 Arduus
269 1017 303 1071 ad
317 1017 410 1086 solem,
425 1022 453 1071 et
465 1017 566 1086 linguis
577 1017 662 1070 micat
675 1033 723 1070 ore
736 1017 865 1072 trisulcis.

177 1105 338 1158 Morborum
351 1121 458 1173 quoque
470 1110 500 1159 te
511 1121 606 1159 causus
618 1113 647 1159 et
659 1105 737 1174 sigua
749 1105 863 1159 docebo.

141 1191 241 1260 Turpis
254 1193 313 1246 ovis
326 1196 444 1261 temptat
456 1194 569 1261 scabies,
585 1194 633 1247 ubi
645 1194 764 1262 frigidus
775 1193 866 1247 imber

141 1279 237 1332 Altius
249 1278 283 1332 ad
297 1280 391 1332 vivum
404 1279 525 1348 persedit
538 1287 566 1334 et
577 1281 691 1335 horrida
703 1297 773 1335 cauo

141 1366 247 1421 Bruma
258 1366 328 1435 gelu,
345 1367 387 1420 vel
400 1383 462 1420 cum
474 1368 564 1421 tonsis
575 1369 679 1422 inlotus
693 1367 817 1422 adhaesit

142 1453 240 1521 Sudor,
256 1459 285 1506 et
298 1452 396 1506 hirsuti
410 1460 556 1507 secuerunt
570 1471 688 1522 corpora
700 1471 805 1522 vepres.

142 1539 276 1593 Dulcibus
288 1540 393 1594 ideirco
404 1539 495 1594 fluviis
508 1557 593 1610 pecus
606 1557 687 1595 omne
700 1542 824 1610 magistri

141 1627 325 1697 Perfundunt‚
339 1629 453 1698 udisque
466 1631 537 1684 aries
548 1631 579 1682 in
591 1617 699 1699 gurgite
712 1631 784 1683 villis

141 1714 287 1785 Mereatur,
302 1717 454 1786 missusque
467 1717 588 1772 secundo
601 1717 697 1770 defluit
709 1718 798 1785 amui;

141 1802 203 1856 Aut
215 1807 327 1857 mosum
339 1805 412 1858 tristi
426 1804 591 1874 contingunt
603 1821 701 1874 corpus
713 1821 834 1873 amurca,

142 1890 179 1943 Et
192 1907 302 1959 spumas
314 1891 432 1946 miscent
446 1891 553 1960 argenti
565 1898 594 1946 et
606 1891 738 1960 sulphura
750 1892 822 1959 vive,

143 1977 294 2046 Idaeasque
308 1978 382 2046 pices
394 1983 423 2032 et
434 1979 544 2047 pinguis
556 1980 678 2046 unguine
691 1995 767 2033 ceras

142 2065 308 2134 Scillarnque
321 2064 510 2135 elleborosque
522 2068 613 2134 gravis
626 2068 791 2136 nigrumque
804 2065 937 2120 bitumen.

142 2151 209 2205 Non
222 2159 316 2206 tamen
329 2152 385 2206 ulla
398 2154 484 2222 magis
497 2169 626 2222 praesens
639 2155 751 2207 fortuna
763 2153 891 2207 laborum
904 2158 954 2219 est,

142 2239 234 2306 Quam
247 2240 269 2292 si
284 2240 343 2308 quis
354 2240 432 2294 ferro
444 2241 537 2310 potuit
550 2241 707 2295 rescindere
718 2257 854 2293 summurn

144 2326 251 2380 Ulceris
264 2343 307 2380 os:
329 2326 413 2380 ulitur
425 2327 524 2381 vitium
537 2327 661 2396 vivitque
675 2326 802 2396 tegendo

142 2412 217 2466 Dum
231 2413 351 2484 medicas
364 2413 495 2468 adhibere
507 2431 605 2468 manus
617 2414 651 2468 ad
664 2415 778 2468 volnera
790 2420 886 2482 pastor

143 2502 283 2570 Abnegat,
298 2509 326 2554 et
338 2501 453 2555 meliora
466 2501 532 2555 deos
545 2502 622 2556 sedet
635 2503 728 2555 omina
740 2517 864 2569 poscens

143 2588 219 2654 Quin
232 2590 325 2655 etiam,
338 2589 396 2642 ima
408 2588 487 2641 dolor
500 2589 640 2642 balantum
654 2589 747 2656 lapsus
760 2587 794 2642 ad
807 2604 869 2642 ossa

143 2675 214 2730 (lum
226 2676 298 2729 furit
309 2680 392 2744 atque
404 2680 480 2729 artus
492 2676 649 2744 depascitur
659 2676 737 2730 arida
748 2676 843 2743 febris,

142 2763 256 2817 Profuit
268 2763 396 2816 incensos
409 2769 500 2816 aestus
512 2771 637 2818 avertere
650 2769 678 2816 et
691 2763 764 2816 iuter

142 2850 202 2904 Ima
214 2849 298 2903 ferire
310 2849 388 2918 pedis
400 2849 541 2903 salientem
555 2851 690 2919 sauguine
702 2866 817 2918 venam3

142 2937 264 2991 Bisaltae
277 2953 332 3005 quo
345 2951 422 2989 more
435 2937 524 2990 solent
536 2953 652 3006 acerque
666 2937 796 3005 Gelonus,

142 3023 212 3077 (lum
225 3023 297 3092 fugit
309 3024 339 3076 in
350 3021 505 3091 Rhodopen
518 3033 599 3092 atque
611 3025 641 3078 in
652 3025 762 3079 deserta
775 3024 916 3092 Getarum,

142 3110 180 3164 Et
191 3111 236 3166 lae
248 3117 410 3165 concretum
424 3127 488 3163 curu
500 3111 632 3178 sanguine
644 3117 723 3178 potat
737 3112 845 3180 equino.

143 3197 233 3263 Quem
245 3198 345 3266 procul
358 3205 406 3251 aut
418 3197 494 3250 molli
507 3198 653 3252 succedere
666 3199 773 3267 saepius
785 3199 900 3252 umbrae

144 3282 263 3351 Videris,
279 3292 327 3338 aut
340 3301 462 3338 summas
474 3290 633 3353 carpentem
646 3285 773 3353 ignavius
786 3285 893 3352 herbas,

143 3371 359 3441 Extremumque
373 3371 457 3440 sequi,
473 3376 520 3424 aut
532 3373 624 3425 medio
636 3373 819 3441 procumbere
832 3387 929 3442 eampo

143 3459 315 3528 Pascentem,
329 3463 359 3512 et
372 3474 450 3512 serae
463 3458 548 3512 solam
562 3458 695 3514 decedere
708 3461 800 3514 nocti:

144 3545 285 3601 Ooutinuo
298 3546 409 3615 culpam
422 3545 497 3598 ferro
510 3562 660 3614 compesce,
676 3547 753 3614 prius
766 3562 847 3614 quam
