2706 3938
512 236 651 286 venerut
675 235 840 285 AENEIDOS
862 235 907 284 VI.

202 402 254 456 Hic
266 401 384 456 crudelis
398 418 475 456 amor
487 401 568 468 tauri,
584 404 769 469 suppostaque
782 399 859 452 furto

200 489 344 558 Pasiphae,
359 489 529 556 mixtumque
542 503 630 555 genus
643 487 789 555 prolesque
802 485 929 539 biformis

200 577 374 630 Minotaurus
386 577 466 644 inest,
481 575 601 628 Veneris
614 579 794 627 monumenta
807 571 960 640 nefandam

202 663 253 716 Hic
265 662 345 716 labor
356 662 403 715 ille
415 661 513 714 domus
525 667 554 715 et
566 661 767 716 inextricabilis
780 676 871 725 error,

200 751 332 818 Magnum
345 749 458 817 reginae
471 749 519 802 sed
532 749 603 802 enim
617 749 763 801 miseratus
777 762 907 801 amorem

201 837 345 904 Daedalus,
360 837 419 904 ipse
431 836 510 889 dolos
522 837 589 889 tecti
603 836 785 904 ambagesque
798 833 919 900 resolvit,

201 926 292 980 Caeca
304 941 401 994 regens
412 923 460 976 iilo
475 924 597 992 vestigia.
635 921 676 975 Tu
690 937 798 991 quoque
811 937 939 990 magnum

200 1014 313 1066 Partem
327 1029 410 1082 opere
423 1011 552 1079 intanto,
568 1011 670 1064 sineret
683 1009 770 1077 dolor,
785 993 873 1076 icere,
884 1007 1007 1062 haberes.

203 1100 250 1154 Bis
263 1108 378 1153 conatus
390 1103 450 1152 erat
463 1114 541 1153 casus
555 1097 683 1166 effingere
696 1097 726 1150 in
740 1113 823 1163 auro;
928 1095 930 1098 ’

202 1188 250 1242 Bis
262 1187 368 1256 patriae
381 1185 503 1240 cecidere
517 1202 622 1239 manus.
662 1184 735 1250 Quin
748 1185 875 1252 protinus
888 1183 982 1236 omnia

202 1274 380 1343 Perlegerent
392 1273 487 1341 oculis,
502 1273 530 1325 ni
544 1273 599 1326 iam
612 1272 778 1341 praemissus
791 1270 914 1324 Achates

203 1362 324 1414 Adioret
337 1368 420 1429 atque
433 1376 487 1412 nna
500 1358 604 1413 Phoebi
617 1359 780 1427 Triviaeque
794 1357 928 1426 sacerdos,

202 1449 347 1518 Deiphobe
360 1448 466 1514 Glauci,
481 1446 555 1499 fatur
568 1462 637 1514 quae
650 1446 717 1500 talia
729 1445 802 1514 regi:

205 1539 221 1565 “
232 1535 297 1588 Non
308 1536 362 1589 hoo
373 1535 427 1588 ista
439 1534 490 1587 sibi
502 1538 612 1602 tempus
625 1533 781 1601 spectacula
793 1534 896 1602 poscit,
980 1586 983 1590 .

203 1623 285 1677 Nunc
295 1639 378 1692 grege
390 1623 425 1676 de
438 1622 544 1676 intacto
559 1626 662 1689 septem
677 1626 798 1674 mactare
810 1622 941 1675 iuvencos

203 1711 382 1778 Praestiterit,
398 1709 514 1763 totidem
526 1708 613 1762 lectus
626 1708 660 1762 de
673 1724 750 1761 more
765 1706 911 1761 bidentis.''

203 1800 313 1854 Talibus
326 1800 420 1853 adfata
434 1801 636 1854 Aenean-nec
649 1816 725 1853 sacra
737 1804 881 1852 morantur

203 1888 280 1941 Iussa
294 1888 502 1942 viri-Teucros
516 1894 598 1942 vocat
611 1888 667 1941 ulta
679 1888 708 1939 in
721 1886 826 1954 templa
838 1884 972 1940 sacerdos.

169 1963 190 1998 '⁵‘
237 1974 366 2029 Excisum
380 1975 520 2029 Euboicae
532 1975 606 2030 lutus
618 1977 714 2041 ingens
726 1974 802 2042 rupis
813 1973 842 2025 in
856 1978 973 2038 antrum,

204 2062 265 2128 Quo
277 2062 326 2116 lati
340 2062 445 2116 ducunt
457 2063 548 2116 aditus
561 2069 680 2131 eentum,
696 2062 906 2128 ostimentum,

204 2150 283 2204 Unde
294 2156 378 2204 ruunt
390 2151 505 2204 totidem
519 2138 610 2217 voces,
626 2167 756 2219 responsa
768 2148 896 2216 Sibyllae.

205 2239 327 2294 Ventum
336 2243 401 2294 ‘erat
414 2241 448 2294 ad
460 2241 553 2309 limen,
569 2257 631 2295 cum
643 2240 723 2307 virgo
738 2238 882 2292 “Poscere
895 2238 954 2291 iata

203 2326 323 2396 Tempus
332 2327 348 2354 ’'
361 2329 416 2394 ait,
439 2329 455 2356 “
465 2327 539 2395 dens,
555 2343 625 2394 ecoe,
641 2327 722 2380 deust
735 2325 751 2353 '’
790 2325 839 2378 Oui
854 2325 918 2378 talia
930 2323 1001 2377 fanti

204 2415 279 2468 Ante
292 2415 365 2468 fores
378 2415 469 2468 subito
482 2431 539 2468 non
552 2414 651 2480 voltus,
665 2431 721 2468 non
737 2411 812 2466 color
824 2429 901 2478 unns,

203 2500 268 2555 Non
282 2506 407 2569 comptae
420 2518 545 2555 mansere
559 2518 669 2566 comae3
693 2501 741 2554 sed
753 2505 850 2569 peetus
863 2498 1000 2567 anhelum,

203 2587 240 2642 Et
253 2589 328 2642 rabie
341 2589 400 2642 iera
413 2589 497 2642 corda
509 2594 632 2655 tument3
653 2589 795 2656 maiorque
807 2587 902 2650 videri,

205 2675 263 2731 Neo
275 2677 392 2730 mortale
406 2693 513 2745 sonans,
530 2676 685 2730 adflata-est
696 2676 810 2728 numine
823 2674 932 2743 qnando

204 2762 262 2817 lam
276 2765 402 2832 propiore
415 2763 467 2817 dei.
501 2766 524 2793 ‘⁶‘
534 2764 630 2817 Cessas
642 2763 672 2815 in
685 2768 750 2816 vota
762 2777 916 2830 precesque,

204 2850 272 2905 Tros
282 2851 298 2878 ’'
312 2853 351 2905 ait
366 2851 506 2905 “Aeneal
526 2843 631 2906 cessas'i
651 2852 822 2921 nequeenim
838 2856 901 2903 ante
914 2847 1057 2902 dehiscent

205 2938 351 2992 Attonitae
363 2956 463 3008 magna
476 2957 523 2994 ora
537 2939 662 2994 domus.”
700 2939 736 2992 Et
747 2939 813 2992 tolia
825 2938 883 2990 iata

205 3025 354 3080 Conticuit.
393 3027 508 3080 Gelidus
520 3027 632 3080 Teucris
645 3043 694 3096 per
707 3027 775 3080 dura
788 3025 909 3078 cucurrit

205 3112 274 3166 Ossa
287 3120 398 3181 tremor,
412 3114 558 3182 funditque
571 3131 666 3183 preces
679 3131 727 3167 rex
741 3119 851 3182 pectore
865 3112 899 3165 ab
911 3112 967 3163 imo
980 3126 986 3163 ε

206 3201 223 3227 “
232 3198 352 3268 Phoebe,
367 3201 458 3268 gravis
471 3201 566 3254 Troiae
579 3219 686 3270 semper
699 3202 828 3253 miserate
840 3197 955 3262 labores,

205 3285 333 3340 Dardana
348 3288 393 3354 qui
407 3287 515 3341 Paridis
528 3289 635 3342 derexti
648 3288 704 3341 tela
716 3303 866 3356 manusque

206 3373 314 3441 Corpus
325 3373 353 3425 in
368 3373 513 3441 Aeacidae,
529 3392 642 3444 magnas
655 3376 785 3429 obeuntia
797 3381 887 3428 terras

205 3459 258 3512 Tot
271 3461 357 3513 maria
368 3461 469 3514 intravi
483 3462 552 3515 duce
564 3468 592 3515 te
606 3462 766 3531 penitusque
781 3466 905 3530 repostas

206 3545 355 3614 Massylum
370 3549 460 3615 gentis
472 3554 668 3618 praetentaque
682 3549 808 3617 Syrtibus
820 3566 901 3616 arvo,
