2656 3940
429 233 569 282 vaccini
591 233 756 283 anumnos
779 233 822 285 xl.

112 397 341 466 GontigImusque
353 411 473 464 manum,
488 413 542 465 qua
554 395 675 450 concidit
687 395 739 450 llia
751 395 839 450 tellus.

112 485 161 539 llle
171 485 272 538 urbem
286 483 454 552 Argyripam
466 484 572 552 patriae
586 484 750 552 cognomine
762 485 854 552 gentis

113 571 213 624 Victor
226 569 348 638 Gargani
362 569 498 622 condebat
511 569 624 638 Iapygis
637 570 718 637 agris.

112 657 262 725 Postquain
276 656 438 723 introgressi
451 663 479 710 et
492 672 583 710 coram
597 656 662 709 data
674 657 754 724 copia
764 655 851 724 fandi,

112 743 230 797 Munera
241 744 431 812 praeferimus,
445 758 548 797 nomen
562 743 734 812 {istriamque
747 743 893 812 docemus3

114 831 168 896 Qui
181 831 283 884 bellurn
295 830 449 898 intulerint,
465 847 534 899 quae
548 846 628 884 causa
640 830 786 884 attraxerit
801 831 901 900 Arpos.

114 918 226 971 Auditis
237 917 285 971 ille
297 917 366 971 haec
378 916 486 986 placido
499 918 537 972 sic
550 916 671 971 reddidit
683 932 745 971 ore:

116 1005 157 1058 ‘O
170 1006 329 1059 fortunatae
342 1011 445 1073 gentes,
462 1004 591 1058 Saturnia
604 1021 697 1073 regna,

113 1092 231 1162 Antiqui
244 1092 371 1159 Ausonii,
388 1107 456 1160 quae
469 1107 518 1146 vos
532 1093 643 1145 fortuna
656 1093 764 1161 quietos

113 1180 258 1248 Sollicitat,
275 1179 423 1248 suadetque
435 1179 532 1248 ignota
545 1180 678 1234 lacessere
692 1180 780 1234 bellai

114 1268 287 1336 Quicumque
299 1267 398 1320 Iliacos
411 1267 485 1320 ferro
498 1267 663 1320 violavimus
674 1283 799 1335 agros,—

112 1355 196 1409 Mitto
209 1371 250 1420 ea,
265 1370 333 1422 quae
345 1355 432 1407 muris
444 1354 573 1408 bellando
587 1354 720 1408 exhausta
733 1355 783 1408 sub
796 1354 867 1422 altis,

113 1443 190 1508 Quos
202 1442 304 1494 Simois
316 1449 423 1509 premat
434 1441 481 1495 ille
493 1441 717 1496 viros—-infanda
729 1457 779 1510 per
791 1442 886 1496 orbem

113 1529 254 1598 Supplicia
266 1536 294 1582 ct
307 1528 441 1582 scelerum
454 1545 556 1596 poenas
570 1528 751 1597 expendimus
764 1545 868 1597 omnes,

113 1617 168 1670 Vel
181 1616 294 1669 Priamo
308 1615 462 1670 miseranda
474 1631 586 1669 manus:
607 1617 659 1669 scit
671 1616 752 1668 trista
763 1615 905 1670 Minervae
985 1638 989 1646 ·

112 1705 195 1758 Sidus
208 1708 237 1757 et
249 1703 387 1757 Euboicae
403 1710 496 1758 cautes
509 1703 636 1773 ultorque
649 1703 815 1773 Caphereus.

111 1793 213 1848 Militia
222 1811 256 1847 ex
269 1794 316 1848 illa
327 1795 465 1850 diversum
478 1797 512 1850 ad
524 1797 591 1850 litus
603 1797 692 1851 abacti

111 1882 229 1935 Atrides
242 1882 335 1936 Protei
347 1883 488 1938 Menelaus
501 1885 622 1953 adusque
635 1884 777 1938 columnas

111 1970 235 2037 Exsulat,
251 1971 388 2025 Aetnaeos
402 1971 471 2026 vidit
485 1972 621 2042 chlopas
634 1974 736 2028 Ulixes.

111 2057 212 2127 Regna
223 2057 401 2127 Neoptolemi
416 2059 539 2128 referam,
555 2077 702 2131 versosque
714 2061 824 2130 penatis

111 2144 275 2199 Idomenei?
314 2145 455 2213 Libycone
470 2147 621 2202 habitantis
633 2149 715 2202 litore
729 2149 850 2204 Locrosl

111 2231 175 2302 lpse
188 2231 357 2299 Mycenaeus
372 2251 535 2303 magnorum
548 2237 647 2290 ductor
660 2237 797 2291 Achivom

112 2319 246 2388 Coniugis
257 2319 386 2376 infandae
400 2323 488 2390 prima
499 2324 574 2378 intra
585 2325 681 2378 limina
693 2325 793 2379 dextra

112 2407 257 2477 Oppetiit3
277 2407 415 2463 devictam
428 2411 524 2465 Asiam
538 2412 661 2466 subsedit
673 2412 790 2466 adulter.

111 2495 251 2548 Invidisse
264 2494 336 2562 deos,
351 2498 449 2563 patriis
460 2503 491 2552 ut
504 2497 628 2552 redditus
640 2501 695 2554 aris

112 2582 280 2650 Coniugium
294 2590 420 2651 optatum
433 2591 462 2639 et
474 2586 616 2654 pulchram
631 2586 773 2653 Calydona
785 2587 921 2641 viderem!

111 2669 196 2724 Nunc
210 2670 293 2724 etiam
306 2671 430 2726 horribili
446 2673 505 2726 visu
520 2680 650 2742 portenta
662 2680 822 2743 sequnntur,

111 2757 150 2812 Et
162 2758 231 2811 socii
245 2757 337 2811 amissi
352 2760 492 2828 petierunt
505 2761 617 2815 aethera
628 2763 728 2830 pennis

111 2844 341 2914 Illuminibusque
354 2855 490 2915 vagantur
503 2848 658 2902 aves-heu
669 2848 729 2902 dira
741 2865 866 2903 meorum

111 2933 256 3002 Supplicia
264 2934 337 2986 l-at
349 2935 478 3004 scopulos
491 2935 645 2990 lacrimosis
659 2937 773 2990 vocibus
785 2937 908 3006 implent.

111 3020 190 3075 Haec
203 3020 274 3074 adeo
286 3037 320 3074 ex
333 3021 382 3074 illo
394 3022 462 3076 mihi
475 3023 529 3076 iam
543 3023 678 3092 speranda
690 3025 805 3078 fuerunt

111 3107 257 3177 Tempore,
272 3126 334 3162 cum
346 3109 420 3163 ferro
433 3110 561 3164 caelestia
573 3127 691 3180 corpora
702 3111 816 3165 demens

111 3196 228 3264 Appetii
241 3201 271 3249 et
283 3195 404 3250 Veneris
416 3197 516 3251 violavi
529 3198 641 3270 volnere
654 3199 789 3252 dextram.

111 3281 156 3336 Ne
169 3300 245 3351 vero,
261 3301 296 3337 ne
309 3301 354 3338 me
367 3283 402 3338 ad
415 3284 478 3338 talis
488 3285 623 3354 impellite
635 3302 750 3354 pugnas.

111 3368 173 3424 Nec
185 3371 255 3424 mihi
267 3388 330 3425 oum
344 3370 457 3424 Teucris
470 3371 555 3425 ullum
567 3378 632 3441 post
644 3377 724 3428 eruta
737 3367 837 3426 belln‘m

112 3455 255 3526 Pergama,
270 3475 321 3512 nec
335 3463 460 3512 veterum
473 3461 586 3513 memini
599 3460 722 3514 laetorve
734 3460 878 3515 malorum.

111 3544 235 3615 Munera,
251 3563 322 3616 qnae
335 3546 434 3615 patriis
446 3546 479 3600 ad
494 3563 537 3600 me
550 3548 669 3614 portatis
682 3549 717 3600 ab
730 3549 793 3615 oris,
