2730 3936
470 207 607 258 vnnslnl
631 207 795 258 annnmos
818 209 836 258 l.

138 371 217 445 Quos
229 371 334 439 ego—l
373 369 428 424 Sed
441 374 532 424 motos
545 375 667 437 praestat
679 387 845 440 componere
858 372 966 428 fluetus.

138 458 207 511 Post
220 458 288 511 mihi
301 474 359 510 non
372 457 453 510 simili
467 473 557 526 poena
569 458 715 512 commissa
726 457 816 512 luetis.
1024 457 1033 484 ¹

38 557 39 561 ’
139 544 280 599 Maturate
290 544 396 613 fugam,
411 544 523 613 regique
536 544 604 598 haeo
616 543 701 598 dieite
714 551 825 599 vestro:

139 629 207 685 Non
219 631 260 684 illi
272 615 419 699 im'perium
432 630 523 700 pelagi
538 647 704 700 saevumque
721 631 878 699 tridentem,

140 718 197 772 Sed
209 718 278 772 milii
291 723 365 772 sorte
377 719 482 772 dutum.
519 718 607 772 Tenet
620 718 666 772 ille
678 719 810 773 immania
821 737 895 789 sexa,

140 806 266 874 Vestras,
281 805 362 872 Eure,
377 805 490 872 domos;
510 805 599 859 illese
612 805 698 859 iaotet
710 807 739 859 in
753 807 815 861 aula

139 893 254 958 Aeolus,
269 899 298 946 et
310 892 403 947 clauso
418 898 563 946 ventorum
576 908 686 946 oareere
699 895 824 962 regnet.’'

177 981 224 1035 Sio
236 980 282 1049 ait,
297 985 325 1035 et
337 980 413 1034 dieto
426 980 506 1034 eitius
517 980 625 1034 tumida
636 997 755 1049 aequora
767 981 866 1050 planat,

140 1067 333 1133 Oolleotasque
346 1068 425 1133 fugat
436 1068 525 1122 nubes
537 1067 678 1136 solemque
691 1068 807 1122 reduoit.

141 1155 299 1222 Cymothoe
311 1153 392 1208 simul
404 1160 433 1208 et
445 1153 543 1208 Triton
555 1153 672 1208 adnixus
684 1159 767 1210 sento

140 1241 305 1295 Detruduut
315 1242 392 1295 navis
405 1241 536 1311 seopulo;
556 1240 631 1295 levat
643 1241 702 1310 ipse
714 1241 838 1312 tridenti,

140 1330 178 1383 Et
192 1335 283 1384 vastas
295 1329 384 1399 aperit
396 1328 494 1396 Syrtis,
510 1333 539 1382 et
552 1334 689 1398 temperet
702 1345 812 1398 aequor,

141 1417 236 1487 Atque
248 1417 317 1470 rotis
329 1432 448 1470 summes
460 1416 569 1470 levibus
581 1415 734 1484 perlabitur
747 1415 842 1472 undas.

139 1505 185 1559 Ao
197 1505 284 1558 veluti
296 1520 396 1570 magno
408 1504 437 1557 in
450 1503 554 1573 populo
566 1520 628 1558 oum
641 1520 723 1572 saepe
735 1510 831 1560 coorta
842 1511 886 1560 est

140 1591 255 1660 Seditio,
271 1591 412 1660 saevitque
424 1591 523 1645 animis
535 1591 656 1659 ignobile
669 1591 772 1660 volgus,

139 1678 256 1750 Iamque
268 1680 343 1734 faoes
355 1685 383 1733 et
396 1695 462 1734 saxa
474 1678 577 1748 volunt,
592 1679 671 1732 iuror
684 1696 761 1734 arma
772 1680 928 1748 ministrat;

139 1767 220 1835 Tum,
233 1767 336 1835 pietate
348 1782 460 1834 gravem
473 1783 505 1820 ao
518 1766 624 1820 meritis
639 1766 662 1819 si
674 1767 750 1820 forte
762 1767 853 1820 virum
867 1785 948 1837 quem

139 1855 327 1924 Conspexere.
340 1855 429 1922 silent,
444 1857 611 1926 arrectisque
624 1856 736 1910 auribus
748 1861 855 1921 estant3

139 1943 189 1997 Ille
203 1943 275 2008 regit
286 1942 369 1997 dietis
381 1943 495 2013 animos,
510 1949 539 1998 et
553 1948 664 2011 peotora
677 1943 793 1998 multet:

139 2030 185 2084 Sie
198 2038 314 2084 eunetus
326 2030 414 2100 pelagi
429 2031 528 2085 eeoidit
538 2031 639 2100 fragor,
654 2047 774 2100 aequora
785 2037 931 2100 postquam

138 2117 316 2187 Prospiciens
327 2119 437 2188 genitor
449 2119 579 2188 eaeloque
591 2119 717 2172 invectus
729 2124 826 2188 aperto

92 2205 241 2276 salientis
253 2221 339 2275 equos
351 2221 486 2276 ourmque
500 2205 596 2259 volans
608 2205 656 2260 dat
667 2205 728 2259 lora
740 2205 868 2260 seeundo.

174 2291 285 2346 Defessi
297 2293 454 2363 Aeneades,
469 2310 538 2363 quae
552 2293 680 2362 proxima
691 2292 780 2360 litora,
796 2309 878 2348 eursu

141 2379 323 2434 Contendunt
335 2387 437 2450 petere,
452 2386 482 2436 et
493 2380 597 2448 Libyae
609 2385 757 2434 vertuntur
769 2379 804 2434 ad
816 2397 887 2434 oras.

139 2465 190 2521 Est
202 2467 231 2520 in
245 2483 354 2521 secessu
367 2467 451 2536 longo
463 2467 555 2522 loeus:
576 2467 667 2520 insula
679 2474 790 2535 portum

139 2553 232 2609 Efficit
244 2554 353 2609 obieotu
366 2553 492 2622 laterum,
507 2555 606 2624 quibus
619 2555 709 2608 omnis
721 2555 756 2609 ab
769 2556 825 2609 alto

138 2639 287 2710 Frangitur
298 2641 383 2710 inque
396 2641 471 2695 sinus
483 2641 585 2696 scindit
597 2658 656 2696 sese
669 2640 744 2696 unda
755 2641 896 2710 reduotos3

139 2726 212 2783 Hine
225 2735 310 2798 atque
321 2729 387 2782 hino
400 2735 494 2783 vastae
506 2745 589 2798 rupes
601 2729 758 2798 geminique
771 2731 912 2784 minantur

138 2815 171 2869 ln
184 2816 292 2870 eaelum
306 2815 419 2884 scopuli,
434 2821 551 2884 quorum
564 2816 615 2870 sub
627 2816 731 2869 vertice
743 2816 799 2870 late

138 2905 271 2972 Aequora
283 2908 345 2956 tuta
357 2902 454 2970 silent,;
474 2909 535 2956 tum
548 2903 624 2957 silvis
637 2919 734 2957 soaena
748 2904 869 2958 eorusois

138 2987 266 3056 Desuper
277 2987 458 3056 horrentique
471 2993 561 3042 atrum
574 3004 672 3042 nemus
684 2989 811 3043 imminet
822 2989 935 3056 umbra;

138 3074 243 3130 Fronte
256 3075 307 3128 sub
321 3074 435 3128 adversa
447 3076 567 3144 seopulis
579 3075 764 3144 pendentibus
776 3082 901 3144 antrum,

138 3161 218 3216 Intus
231 3179 318 3231 aquae
330 3160 425 3216 duloes
439 3163 557 3232 vivoque
569 3163 666 3218 sedilia
678 3180 753 3230 saxo,

138 3249 333 3318 Nympharum
347 3248 453 3304 domus.
492 3247 545 3303 Hio
557 3250 643 3304 fessas
654 3267 711 3304 non
725 3250 834 3305 vinoula
847 3249 924 3304 navis

139 3336 201 3391 Ulla
213 3340 321 3404 tenent,
337 3352 407 3390 unoo
419 3353 475 3407 non
489 3336 583 3405 alligat
596 3353 696 3390 aneora
709 3354 810 3392 morsu.

138 3423 200 3478 Huo
212 3429 318 3492 septem
333 3423 443 3477 Aeneas
455 3422 577 3477 eolleotis
589 3423 706 3478 navibus
718 3425 794 3478 omni

137 3509 180 3564 Ex
193 3527 310 3641 ngrmero
324 3510 411 3576 subit3
432 3526 465 3564 ao
477 3525 576 3578 magno
591 3511 700 3565 telluris
713 3528 806 3565 amore

296 3604 313 3642 o
