2706 3938
526 211 664 261 VERGILI
687 211 851 260 Annnlnos
878 209 932 258 VII.

220 375 283 444 Olli,
297 376 383 443 pestis
396 376 469 428 enim
482 374 574 428 tacitis
586 374 655 427 latet
665 389 764 442 aspera
776 371 860 432 silvis,

220 462 365 531 improvisi
379 463 486 530 adsunt,
501 462 547 515 bic
559 465 635 514 torre
648 464 774 514 armatus·
783 459 891 526 obusto,

220 550 328 618 Stipitis
340 550 386 603 hic
399 549 504 618 gravidi
518 548 613 615 nodis;
635 547 709 616 quod
722 547 820 615 cuique
833 550 973 613 repertum

219 637 351 704 Rimanti,
366 637 452 690 telum
466 637 508 689 ira
520 637 596 688 facit.
635 635 726 688 Vocat
740 633 850 702 agmina
863 631 1010 699 Tyrrbeus,

220 724 408 790 Quadrifidam
422 740 552 793 quercum
566 723 660 776 cuneis
674 725 704 774 ut
716 722 791 774 forte
805 719 909 773 coactis

220 812 375 880 Scindebat,
390 816 469 879 rapta
482 811 589 878 spirans
602 810 722 862 immane
736 808 833 861 securi.

219 901 259 953 At
272 916 353 953 saeva
365 916 381 952 e
394 898 510 966 speculis
523 903 633 965 tempus
646 897 698 950 dea
711 901 792 949 nacta
805 894 923 948 nocendi

219 987 317 1040 Ardua
328 992 403 1040 tecta
414 986 486 1054 petit
498 984 606 1051 stabuli,
622 990 650 1036 et
663 983 697 1037 de
710 982 829 1036 culmine
843 997 950 1034 summo

219 1074 360 1128 Pastorale
373 1074 448 1127 canit
461 1074 577 1141 signum,
593 1087 734 1139 cornuque
747 1086 864 1123 recurvo

220 1161 376 1215 Tartaream
391 1161 511 1213 intendit
523 1176 628 1219 vocem,
645 1175 699 1227 qua
711 1156 839 1226 protinus
853 1172 934 1209 omne

220 1249 395 1302 Contremuit
407 1264 504 1300 nemus
517 1253 545 1300 et
558 1246 642 1300 silvae
656 1247 804 1298 insonuere
820 1242 990 1312 profundae;

220 1336 318 1389 Audiit
332 1342 360 1388 et
373 1335 482 1388 Triviae
495 1334 576 1402 longe
589 1334 664 1387 lacus
675 1353 681 1398 3
703 1332 790 1386 audiit
803 1330 891 1384 amnis

220 1422 374 1491 Sulphurea
387 1422 445 1475 Nar
458 1423 534 1476 albus
547 1438 618 1490 aqua
630 1421 776 1488 fontesque
789 1417 893 1484 Velini,

220 1509 256 1562 Et
268 1510 392 1578 trepidae
405 1515 506 1562 matres
518 1525 642 1577 pressere
656 1507 692 1560 ad
705 1511 820 1575 pectora
834 1512 922 1557 natos.

220 1596 288 1649 Tum
303 1613 368 1649 vero
381 1597 415 1650 ad
429 1613 524 1649 vocem
537 1595 647 1662 ceierae,
663 1611 716 1663 qua
729 1594 829 1646 bucina
843 1592 951 1660 signum

219 1683 289 1736 Dira
300 1683 385 1750 dedit,
400 1684 484 1751 raptis
497 1687 666 1736 concurrunt
678 1681 799 1749 undique
812 1679 875 1732 telis

220 1770 351 1823 Indomiti
366 1769 515 1837 agricolae3
535 1786 656 1823 necnon
670 1774 698 1822 et
711 1768 792 1821 Troia
807 1767 893 1835 pubes

220 1857 342 1910 Ascanio
355 1856 487 1910 auxilium
500 1857 597 1910 castris
610 1856 729 1910 effundit
742 1857 851 1925 apertis.

219 1944 359 1998 Derexere
373 1945 453 1997 acies.
491 1943 556 1997 Non
568 1945 623 1997 iam
637 1945 787 1998 certamine
802 1943 910 2011 agresti,

221 2032 367 2100 stipitibus
379 2031 455 2084 duris
468 2031 557 2099 agitur
571 2030 717 2084 sudibusve
730 2031 875 2099 praeustis,

221 2119 275 2172 Sed
286 2120 361 2172 ferro
376 2119 489 2186 ancipiti
503 2118 663 2181 decernunt,
679 2123 791 2187 atraque
804 2118 860 2172 late

220 2207 364 2260 Horrescit
376 2205 479 2259 strictis
492 2222 569 2274 seges
582 2207 699 2273 ensibus,
716 2223 834 2275 aeraque
847 2204 955 2272 fulgent

220 2292 283 2346 Sole
296 2292 428 2359 lacessita,
443 2299 471 2344 et
483 2291 572 2344 lucem
586 2292 635 2344 sub
648 2291 743 2344 nubila
756 2291 877 2344 iactant:

220 2381 333 2434 Fluctus
347 2380 386 2432 uti
399 2379 490 2447 primo
503 2379 595 2447 coepit
608 2395 670 2431 cum
685 2379 823 2432 albescere
837 2381 932 2446 ponto,

220 2467 357 2521 Paulatim
370 2483 428 2520 sese
441 2466 515 2520 tollit
528 2483 603 2519 mare
617 2471 645 2519 et
658 2466 738 2520 altius
751 2467 839 2520 undas

220 2554 317 2622 Erigit,
331 2554 396 2606 inde
409 2555 466 2607 imo
479 2553 620 2621 consurgit
632 2553 667 2606 ad
680 2553 793 2607 aethera
804 2552 897 2606 fundo

221 2641 273 2694 Hic
286 2642 392 2695 iuvenis
405 2641 522 2709 primam
535 2651 599 2694 ante
614 2641 700 2693 aciem
715 2640 850 2693 stridente
864 2640 969 2708 sagitta,

220 2729 357 2782 Natorum
371 2728 486 2795 Tyrrbei
499 2729 592 2781 fuerat
605 2727 651 2796 qui
664 2729 807 2795 maximus,
824 2728 913 2795 Alm0,

221 2816 374 2869 Sternitur:
396 2816 485 2869 haesit
498 2815 572 2868 enim
586 2816 636 2868 sub
649 2821 761 2883 gutture
775 2815 874 2868 volnus
886 2819 914 2868 et
926 2815 999 2868 udae

221 2903 307 2957 Vocis
319 2904 372 2956 iter
384 2907 549 2971 tenuemque
562 2902 674 2956 inclusit
688 2903 820 2971 sanguine
834 2887 927 2956 vitam.

221 2991 345 3058 llorpora
358 2990 445 3043 multa
454 2991 543 3042 virum
557 2990 636 3055 circa,
651 2991 796 3058 seniorque
810 2990 949 3057 Galaesus

220 3076 295 3130 Dum
307 3078 368 3146 paci
381 3077 501 3131 medium
515 3094 543 3130 se
557 3077 645 3144 offert,
661 3077 826 3130 iustissimus
839 3093 911 3129 unus

222 3164 276 3229 Qui
288 3164 341 3217 fuit
355 3165 539 3234 Ausoniisque
553 3165 618 3217 olim
631 3164 782 3217 ditissimus
796 3164 885 3218 arvis:

222 3251 349 3320 Quinque
362 3269 459 3321 greges
471 3252 510 3306 illi
523 3252 674 3319 balantum,
690 3253 773 3320 quina
785 3251 913 3305 redibant

222 3339 364 3401 Armenta,
380 3344 408 3392 et
420 3345 522 3392 terram
536 3344 648 3391 centum
661 3338 788 3392 vertebat
800 3339 907 3392 aratris.

257 3425 350 3494 Atque
363 3442 394 3478 ea
408 3442 457 3492 per
470 3441 581 3492 campos
594 3441 682 3493 aequo
695 3425 760 3477 dnm
775 3425 864 3478 Marte
877 3431 1020 3492 geruntur,

222 3511 354 3564 Promissi
367 3510 417 3564 dea
430 3510 504 3564 facta
516 3517 622 3580 potens,
639 3511 684 3564 ubi
698 3513 831 3579 sanguine
844 3512 946 3565 bellum
