2706 3938
438 901 468 971 P.
493 901 632 971 llllRClll
657 901 809 972 llllllClllS

360 1087 407 1163 A
439 1087 475 1160 E
507 1087 552 1161 N
584 1087 620 1161 Ε
654 1087 675 1161 1
708 1087 749 1161 D
784 1087 820 1164 O
855 1086 884 1164 s

435 1281 570 1343 amun
599 1281 808 1356 cumana.

540 1479 713 1488 -—-——-.

113 1611 221 1666 Interea
234 1611 361 1666 medinm
375 1610 485 1664 Aeneas
498 1611 552 1664 iam
566 1610 651 1664 classe
664 1611 777 1664 tenebat

113 1699 210 1754 Certus
222 1701 286 1767 iter,
301 1699 457 1766 fluctusque
471 1704 546 1753 atros
558 1698 685 1767 aquilone
698 1698 815 1763 secabat,

113 1786 221 1840 Moenia
234 1786 396 1854 respiciens,
411 1802 480 1853 quae
494 1786 547 1839 iam
562 1785 678 1838 infelicis
691 1785 794 1838 Elissae

113 1873 269 1928 Conlucent
282 1872 409 1925 flammis.
449 1871 525 1937 Quae
538 1878 646 1926 tantum
662 1871 817 1926 accenderit
831 1871 922 1938 iguem

114 1957 208 2028 Causa,
219 1959 310 2026 latet3
324 1958 386 2014 duri
399 1977 499 2027 magno
512 1960 559 2013 sed
572 1977 664 2014 amora
677 1959 787 2014 dolores

113 2050 232 2117 Polluto,
248 2057 411 2118 notumque,
426 2049 521 2102 furens
533 2049 598 2117 quid
613 2049 714 2104 semina
727 2053 821 2120 possit,

113 2139 199 2193 Triste
212 2156 266 2207 per
279 2138 425 2204 angurium
438 2136 606 2190 Teucrorum
620 2143 733 2206 pectora
744 2139 856 2194 ducunt.

147 2226 184 2280 Ut
198 2227 318 2296 pelagus
330 2230 445 2276 tenuere
458 2230 539 2292 rates,
555 2241 606 2278 nec
619 2225 672 2278 iam
686 2226 804 2295 amplius
816 2227 872 2281 ulla

114 2313 242 2367 Occurrit
255 2311 348 2379 tellus,
363 2311 451 2364 maria
464 2311 583 2379 nudique
598 2318 626 2366 et
638 2314 758 2384 undique
773 2314 887 2379 caelum,

114 2400 165 2454 Olli
179 2400 327 2454 caeruleus
340 2415 423 2467 supra
436 2406 519 2466 caput
533 2400 622 2453 astitit
636 2401 733 2469 imber,

115 2487 231 2543 Noctem
245 2487 423 2555 hiememque
436 2486 534 2554 ferens,
550 2493 579 2540 et
591 2487 732 2542 inhorruit
744 2488 818 2542 unda
830 2488 959 2542 tenebris.

115 2576 174 2644 lpse
187 2577 363 2644 guberuator
375 2575 459 2642 puppi
473 2574 620 2630 Palinurus
634 2576 667 2630 ab
682 2577 753 2630 alta:

117 2663 215 2717 “Heul
233 2663 364 2731 quianam
379 2662 450 2715 tanti
464 2663 610 2717 cinxerunt
626 2664 739 2718 aethera
752 2663 855 2716 nimbil

116 2748 229 2815 Quidve,
246 2751 329 2816 pater
342 2744 480 2814 Neptune,
497 2764 577 2816 paras
589 2749 599 2802 l
609 2748 624 2775 ’²
662 2748 707 2801 Sic
720 2747 820 2801 deiude¹
833 2747 941 2801 locutus

117 2832 252 2901 Colligere
267 2849 346 2886 arma
358 2831 434 2884 iubet
448 2831 601 2902 validisque
615 2835 775 2887 incumbere
787 2833 877 2900 remis,

116 2919 305 2990 Obliquatque
318 2920 393 2972 sinus
406 2922 435 2972 in
449 2927 569 2987 rentum,
586 2937 618 2974 ao
631 2921 697 2975 talla
710 2922 797 2974 fatur:

118 3007 320 3076 “hergnanime
335 3009 436 3074 Aenea
453 3023 517 3072 non,
533 3008 554 3060 si
569 3008 635 3060 mihi
648 3007 774 3076 Iuppiter
787 3016 883 3062 auctor

117 3093 264 3162 Spondeat,
281 3094 334 3147 hoc
348 3111 454 3162 sperem
471 3093 576 3148 Italiam
592 3095 751 3164 contingere
764 3095 848 3149 caelo.

117 3179 214 3235 Mutati
227 3188 391 3236 transversa
402 3183 528 3235 fremunt
540 3189 568 3234 et
581 3199 693 3250 vespere
707 3182 741 3236 ab
754 3187 816 3236 atro

117 3267 298 3337 Consurgunt
311 3269 395 3333 venti,
411 3273 493 3336 atque
506 3268 532 3322 iu
547 3268 647 3322 nubem
662 3269 770 3338 cogitur
783 3285 838 3322 aer.

120 3354 174 3409 Nec
186 3374 240 3410 nos
254 3357 343 3410 obniti
359 3363 464 3418 contra,
479 3373 530 3409 nec
543 3356 656 3409 tendere
670 3361 779 3410 tantum

118 3443 274 3498 sufficimus
322 3443 442 3512 Superat
454 3443 583 3510 quoniam
597 3443 727 3508 Fortuna,
744 3459 899 3511 sequamur,

118 3529 232 3600 Quoque
246 3538 337 3598 vocat,
353 3535 494 3584 vertamus
506 3529 566 3583 iter.
604 3529 663 3584 Nec
679 3529 762 3584 litora
774 3529 858 3597 louge

178 3634 321 3688 1311
