2656 3940
387 221 525 271 VERGILI
548 221 712 271 nnnnmos
734 221 764 270 K

78 384 186 454 Incipias
198 384 322 439 conferre
334 384 476 438 manum.’'

78 471 185 526 Tantum
198 473 306 540 effatus,
321 478 349 526 et
361 472 461 526 infesta
473 471 548 524 subit
562 471 659 524 obvius
672 471 760 525 hasta.

76 560 121 614 Ille
132 569 237 614 autem:
260 562 277 590 “
286 559 358 625 Quid
371 576 415 612 me
428 565 532 628 erepto,
547 560 712 627 saevissime,
727 563 794 612 nato

78 645 181 701 Terresi
201 647 268 700 haec
280 647 327 700 via
338 647 396 700 sola
408 647 468 714 ruit,
484 663 538 716 qua
550 647 666 715 perdere
678 661 780 714 posses.

77 733 128 788 Nec
139 740 256 788 mortem
270 733 421 802 horremus,
435 750 486 788 nec
499 733 591 788 divom
603 733 743 803 parcimus
754 732 812 787 ulli.

76 821 184 876 Desine:
204 838 271 875 nam
283 822 365 875 venio
378 821 536 890 moriturus,
551 827 580 874 et
592 819 660 874 haee
672 820 723 873 tibi
736 826 818 888 porto

76 907 149 963 Dona
160 909 264 977 prins.⁷’
300 908 386 977 Dixit,
401 908 541 977 telumque
554 907 666 962 intorsit
677 908 705 960 in
718 907 842 977 hostem3

77 995 137 1049 lnde
149 996 221 1050 aliud
235 1012 317 1064 snper
330 1001 412 1065 atque
425 995 499 1049 alind
512 995 634 1064 figitque,
649 995 779 1065 volatque

76 1083 174 1153 Ingenti
186 1101 273 1152 gyro3
294 1084 342 1138 sed
354 1084 473 1138 sustinet
486 1100 584 1138 aureus
597 1086 689 1140 umbo.

76 1172 121 1225 Ter
132 1174 231 1226 circum
247 1177 384 1226 astantem
397 1173 491 1225 laevos
505 1172 639 1241 equitavit
651 1174 680 1227 in
694 1174 776 1242 orbis,

76 1258 133 1313 Tela
143 1277 226 1315 manu
238 1260 358 1325 iaciens3
378 1263 421 1311 ter
434 1275 527 1312 secum
540 1259 637 1314 Troius
648 1262 730 1315 heros

75 1347 216 1401 Immunem
229 1351 326 1402 aerato
338 1346 497 1400 circumfert
509 1349 631 1416 tegmine
644 1349 749 1404 silvam.

76 1434 136 1488 lnde
148 1435 191 1488 ubi
206 1441 250 1489 tot
262 1435 379 1489 traxisse
393 1453 491 1504 moras,
506 1443 549 1490 tot
564 1438 669 1507 spicula
680 1439 775 1492 taedet

76 1522 184 1594 Vellere,
198 1531 227 1579 et
239 1530 356 1594 urgetur
369 1541 460 1594 pugna
472 1542 634 1594 congressus
646 1526 748 1594 iniqua,

76 1609 153 1666 Multa
165 1629 281 1666 movens
294 1613 387 1666 animo
399 1613 454 1666 iam
467 1613 580 1666 tandem
594 1614 721 1682 erumpit,
736 1619 763 1666 et
775 1613 850 1666 inter

75 1698 211 1755 Bellatoris
223 1701 288 1770 eqni
301 1717 370 1754 cava
382 1707 506 1770 tempora
518 1702 619 1755 conicit
631 1701 746 1754 hastam.

76 1787 149 1842 Tollit
161 1807 189 1844 se
201 1797 342 1845 arrectum
355 1789 518 1858 quadrupes,
533 1795 561 1842 et
573 1789 694 1843 calcibus
706 1805 786 1842 auras

76 1873 210 1946 Verberat,
226 1879 401 1947 effusumque
413 1877 533 1946 equitem
547 1893 628 1945 super
641 1877 699 1944 ipse
712 1881 821 1929 secutus

75 1961 197 2034 Implicnt,
213 1967 359 2034 eiectoque
371 1965 506 2019 incumbit
519 1969 636 2018 cernuus
648 1980 734 2017 armo.

75 2048 191 2107 *diamore
204 2053 361 2107 incendunt
374 2053 479 2106 caelum
493 2053 631 2120 Troesque
643 2051 796 2120 Latinique.

75 2138 188 2198 Advolat
201 2145 321 2212 Aeneas,
338 2142 491 2210 vaginaque
505 2140 587 2208 eripit
601 2155 703 2207 ensem,

75 2224 107 2280 Et
117 2246 195 2300 super
206 2233 295 2286 haec:
320 2229 402 2283 “Ubi
415 2245 489 2282 nunc
503 2227 654 2280 Mezentius
668 2243 738 2295 acer,
752 2231 780 2280 et
792 2226 839 2280 illa

74 2313 159 2372 Effera
170 2321 210 2372 vis
224 2319 311 2374 animi
320 2319 330 2372 i
340 2316 356 2345 ”
377 2316 481 2370 Oontra
493 2315 661 2381 Tyrrhenus,
677 2325 707 2366 ut
724 2331 804 2367 auras

75 2401 219 2473 Suspicione
232 2407 328 2460 hausit
342 2405 455 2472 caelum,
470 2408 646 2471 mentemque
659 2403 781 2470 recepit:

76 2491 185 2548 “Hostis
197 2511 301 2562 amare,
316 2493 382 2562 qnid
394 2492 544 2560 increpitas
557 2497 728 2558 mortemque
741 2489 872 2542 minarisi

74 2577 178 2636 Nullum
189 2585 218 2636 in
232 2583 319 2638 caede
332 2583 418 2650 nefas,
433 2599 484 2635 nec
497 2582 536 2634 sic
550 2580 585 2634 ad
598 2578 701 2647 proelia
713 2577 791 2643 veni;

73 2665 125 2724 Nec
136 2676 226 2725 tecum
239 2687 322 2724 meus
333 2670 402 2724 haec
414 2669 519 2738 pepigit
533 2668 600 2721 mihi
614 2666 726 2720 foedera
737 2664 848 2718 Lausus.

74 2754 156 2811 Unum
168 2759 229 2828 hoc,
244 2776 304 2828 per,
319 2758 342 2811 si
356 2767 462 2826 quaest
475 2756 556 2809 victis
568 2755 649 2808 venia
661 2753 794 2819 hostibus,
809 2768 872 2804 oro:

74 2841 171 2913 (lorpns
183 2846 272 2900 humo
284 2845 392 2914 patiare
404 2843 468 2910 tegi.
506 2842 570 2896 Scio
583 2842 682 2895 acerba
695 2856 816 2893 meornrn

73 2931 250 2988 Circumstare
264 2933 344 2987 odia:
364 2932 448 2999 hunc,
462 2947 521 2998 ore,
536 2929 655 2984 deiende
670 2929 801 2990 furorem,

72 3017 105 3072 lit
115 3038 156 3076 me
168 3025 328 3076 consortem
342 3021 401 3073 nati
414 3018 533 3072 concede
547 3015 699 3085 sepulcro.”

73 3105 139 3162 Haec
150 3110 283 3178 loquitur,
298 3107 448 3175 iuguloque
459 3105 535 3158 haud
546 3103 648 3158 inscius
658 3103 759 3171 accipit
771 3117 872 3169 ensem,

73 3191 240 3267 Undantique
253 3196 377 3250 animam
391 3191 524 3246 diffundit
535 3192 564 3244 in
577 3207 653 3246 arma
665 3206 772 3244 cruore.
