2730 3936
465 264 602 314 VERGILI
624 265 790 314 hubalbus
812 265 858 316 ΠΙ.

155 423 251 495 Linqui
263 425 402 496 pollutum
414 425 572 494 hospitium,
588 431 617 480 et
629 426 695 480 dare
708 427 840 481 classibus
852 433 968 483 austros

153 511 224 581 Ergo
236 513 423 567 instauramus
435 512 576 579 Polydoro
588 514 687 567 funus:
709 520 737 567 ot
749 515 847 582 ingens

152 599 302 668 Aggeritur
314 599 423 653 tumulo
435 599 530 667 tellas,
551 605 627 654 stant
639 600 767 655 Manibus
780 618 852 670 arae,

152 686 292 742 Caeruleis
303 692 426 742 maestae
438 688 516 740 vittis
529 694 642 756 atraque
655 705 792 757 cupresso,

151 774 186 828 Et
198 775 303 828 circum
316 773 416 828 Iliades
429 775 532 828 crinem
546 774 581 828 do
593 791 670 828 more
684 775 804 844 solutae3

150 861 301 915 lnlerimus
313 861 408 931 tepido
421 861 577 930 spumantia
589 862 699 930 cymbia
711 863 782 917 lacto

150 949 299 1016 Sanguinis
312 955 339 1002 et
352 949 423 1002 sacri
436 955 553 1016 pateras,
568 951 741 1017 animamque
753 951 879 1019 sepulcro

150 1035 311 1103 Oondimus,
326 1041 354 1089 et
367 1052 467 1105 magna
479 1053 637 1105 supremum
650 1054 719 1091 voce
731 1037 843 1092 ciamus.

182 1123 259 1191 inde,
274 1123 325 1176 ubi
336 1123 427 1191 prima
439 1122 506 1175 fides
518 1123 624 1192 pelago,
637 1124 799 1192 placataque
811 1127 887 1180 venti

148 1210 223 1265 Dant
234 1211 327 1265 maria
339 1216 368 1263 et
379 1211 448 1264 lenis
461 1210 599 1279 crepitans
609 1218 691 1264 vocat
703 1217 795 1264 auster
808 1213 836 1264 in
850 1212 946 1280 altum,

148 1297 299 1352 Deduount
309 1297 375 1350 socii
387 1299 467 1351 navis
480 1309 508 1351 et
521 1297 604 1352 litora
617 1298 766 1368 complent.

148 1384 334 1438 Provehimur
346 1389 438 1452 portu,
453 1389 597 1453 terraeque
609 1386 744 1454 urbesque
757 1387 896 1441 recedunt.

148 1469 230 1524 Sacra
243 1471 315 1524 mari
328 1470 428 1524 colitur
440 1470 532 1524 medio
544 1473 701 1539 gratissima
713 1473 795 1526 tellus

147 1557 301 1612 Nereidum
314 1559 396 1613 matri
409 1563 438 1612 et
451 1557 582 1628 Neptuno
594 1560 715 1630 Aegaeo,

148 1643 235 1710 Quam
248 1646 315 1715 pius
327 1645 494 1699 Arcitenens
507 1663 570 1700 oras
582 1655 611 1701 et
622 1647 706 1701 litora
718 1649 821 1702 circum

146 1731 294 1787 Errantem
309 1732 456 1800 Myconos
469 1735 542 1790 celsa
555 1736 702 1806 Gyaroque
714 1739 843 1807 revinxit,

146 1821 352 1892 Immotamque
365 1821 419 1876 ooli
432 1821 509 1876 dedit
522 1827 551 1876 et
563 1828 741 1878 contemnere
753 1831 858 1880 ventos.

145 1911 206 1966 Huc
218 1914 315 1980 feror3
336 1913 404 1967 haec
417 1914 505 1966 sessos
516 1918 579 1967 tuto
591 1913 776 1983 placidissima
787 1918 869 1980 portu

145 2001 265 2070 Accipit.
307 2001 415 2070 Egressi
431 2019 593 2056 veneramur
605 2002 745 2071 Apollinis
757 2003 861 2055 arbem.

145 2087 203 2141 Rex
218 2089 320 2157 Anius,
334 2106 383 2143 rex
396 2090 470 2143 idem
483 2089 626 2143 hominum
639 2089 801 2158 Phoebique
814 2088 947 2156 sacerdos,

145 2173 231 2230 Vittis
244 2183 274 2231 et
287 2193 367 2232 sacra
380 2177 523 2232 redimitus
534 2186 660 2249 tempore
671 2179 758 2247 lauro,

145 2266 293 2335 Occurrit3
315 2272 437 2321 veterem
451 2266 593 2320 Anchisen
606 2268 729 2335 agnoscit
742 2269 869 2322 amioum.

144 2352 289 2423 Iungimus
302 2353 424 2422 hospitio
437 2354 556 2421 dextras,
572 2359 600 2408 et
612 2361 687 2409 tecta
700 2355 830 2409 subimus.

179 2441 299 2512 Templa
310 2441 353 2494 dei
367 2458 434 2496 saxo
446 2442 598 2495 venerabar
610 2447 715 2496 structa
727 2449 855 2497 vetusto:

146 2531 162 2557 “
172 2528 214 2584 Da
226 2529 382 2600 propriam,
397 2527 578 2598 Thpmbraee,
593 2530 720 2598 domum;
742 2531 778 2584 da
789 2533 897 2585 moenia
910 2531 989 2585 fessis

109 2663 117 2687 ,
144 2614 180 2670 Et
191 2634 281 2686 genus
297 2621 325 2669 et
337 2633 494 2670 mansuram
507 2619 620 2684 urbem3
641 2635 720 2672 serva
732 2619 819 2673 altera
831 2619 928 2672 Troiae

145 2702 291 2772 Pergama,
306 2704 435 2773 reliquias
447 2705 573 2760 Danaum
588 2711 670 2774 atque
681 2707 795 2760 immitis
807 2707 919 2760 Achilli.

146 2790 234 2857 Quem
248 2793 408 2861 sequimur?
428 2809 518 2862 quove
530 2794 571 2848 ire
583 2795 679 2848 iubosl
698 2796 744 2848 nbi
757 2811 861 2862 ponere
874 2793 970 2848 sedesl

144 2876 195 2945 Da,
209 2884 300 2948 pater,
316 2880 469 2946 augurium,
485 2886 567 2948 utque
580 2881 679 2934 animis
690 2881 814 2935 inlabere
826 2879 956 2935 nostris.”

179 2965 237 3020 Vix
252 2983 286 3020 ea
298 2967 372 3020 fatus
385 2982 474 3021 eram:
495 2972 613 3021 tremere
627 2969 720 3023 omnia
733 2970 791 3022 visa
802 2973 925 3037 reponte,

144 3050 311 3122 Liminaque
324 3053 470 3122 laurusque
483 3054 534 3122 dei,
549 3060 677 3124 totusque
689 3057 795 3110 moveri

146 3137 225 3193 Mons
237 3141 352 3208 circum,
367 3153 396 3194 et
410 3141 515 3209 mugire
528 3142 619 3209 adytis
633 3143 741 3196 eortina
753 3143 874 3197 reclusis.

144 3223 281 3280 Submissi
294 3227 413 3296 petimus
424 3232 534 3295 terram,
550 3234 579 3282 et
592 3247 645 3283 vox
658 3231 746 3283 fertur
758 3230 792 3284 ad
805 3230 895 3284 cums:

146 3315 163 3340 ‘⁸
173 3312 352 3367 Dardanidae
365 3314 436 3383 duri,
451 3332 520 3384 quae
532 3333 581 3369 vos
594 3333 610 3369 a
623 3318 708 3384 stirpe
720 3323 867 3384 parentum

145 3397 239 3455 Prima
252 3401 318 3455 tulit
331 3402 421 3468 tellus,
436 3403 532 3456 eadem
546 3421 594 3456 vos
603 3405 688 3458 ubere
700 3404 774 3458 laeto

145 3487 276 3556 Accipiet
289 3489 411 3543 reduces.
450 3489 601 3559 Antiquam
615 3492 750 3560 exquirite
764 3497 891 3546 matrem.

145 3573 198 3628 Hic
211 3575 312 3629 domus
324 3575 438 3630 Aeneae
452 3577 558 3630 cunctis
570 3577 759 3632 dominabitur
772 3579 836 3645 oris,
