<?xml version="1.0" encoding="UTF-8"?>
<!DOCTYPE html PUBLIC "-//W3C//DTD XHTML 1.0 Transitional//EN"
    "http://www.w3.org/TR/xhtml1/DTD/xhtml1-transitional.dtd">
<html xmlns="http://www.w3.org/1999/xhtml" xml:lang="en" lang="en">
 <head>
  <title>
</title>
<meta http-equiv="Content-Type" content="text/html;charset=utf-8" />
  <meta name='ocr-system' content='tesseract 3.04.00' />
  <meta name='ocr-capabilities' content='ocr_page ocr_carea ocr_par ocr_line ocrx_word'/>
</head>
<body>
  <div class='ocr_page' id='page_1' title='image "./arevisedtextpoe00virggoog_0065.png"; bbox 0 0 2734 3936; ppageno 0'>
   <div class='ocr_carea' id='block_1_1' title="bbox 434 219 829 270">
    <p class='ocr_par' dir='ltr' id='par_1_1' title="bbox 434 219 829 270">
     <span class='ocr_line' id='line_1_1' title="bbox 434 219 829 270; baseline 0.005 -2"><span class='ocrx_word' id='word_1_1' title='bbox 434 219 572 268; x_wconf 79' lang='lat' dir='ltr'><strong>VERGILI</strong></span> <span class='ocrx_word' id='word_1_2' title='bbox 596 219 786 270; x_wconf 78' lang='lat' dir='ltr'>auoaeleou</span> <span class='ocrx_word' id='word_1_3' title='bbox 809 221 829 269; x_wconf 89' lang='lat' dir='ltr'>I.</span> 
     </span>
    </p>
   </div>
   <div class='ocr_carea' id='block_1_2' title="bbox 120 381 869 884">
    <p class='ocr_par' dir='ltr' id='par_1_2' title="bbox 120 381 869 884">
     <span class='ocr_line' id='line_1_2' title="bbox 120 381 770 450; baseline -0.002 -15"><span class='ocrx_word' id='word_1_4' title='bbox 120 383 195 435; x_wconf 87' lang='lat' dir='ltr'>Tunc</span> <span class='ocrx_word' id='word_1_5' title='bbox 208 382 286 435; x_wconf 87' lang='lat' dir='ltr'>aluos</span> <span class='ocrx_word' id='word_1_6' title='bbox 299 382 419 450; x_wconf 83' lang='lat' dir='ltr'>primurn</span> <span class='ocrx_word' id='word_1_7' title='bbox 433 381 509 434; x_wconf 88' lang='lat' dir='ltr'>fluvii</span> <span class='ocrx_word' id='word_1_8' title='bbox 521 398 632 435; x_wconf 82' lang='lat' dir='ltr'>sensere</span> <span class='ocrx_word' id='word_1_9' title='bbox 644 387 770 450; x_wconf 87' lang='lat' dir='ltr'>oavatas;</span> 
     </span>
     <span class='ocr_line' id='line_1_3' title="bbox 120 467 791 537; baseline -0.001 -15"><span class='ocrx_word' id='word_1_10' title='bbox 120 469 224 522; x_wconf 77' lang='lat' dir='ltr'>Navita</span> <span class='ocrx_word' id='word_1_11' title='bbox 236 476 295 522; x_wconf 90' lang='lat' dir='ltr'>tum</span> <span class='ocrx_word' id='word_1_12' title='bbox 309 467 397 521; x_wconf 86' lang='lat' dir='ltr'>stellis</span> <span class='ocrx_word' id='word_1_13' title='bbox 409 485 539 523; x_wconf 91' lang='lat' dir='ltr'>numeros</span> <span class='ocrx_word' id='word_1_14' title='bbox 552 474 580 522; x_wconf 87' lang='lat' dir='ltr'>et</span> <span class='ocrx_word' id='word_1_15' title='bbox 592 470 707 523; x_wconf 88' lang='lat' dir='ltr'>nomina</span> <span class='ocrx_word' id='word_1_16' title='bbox 719 471 791 537; x_wconf 84' lang='lat' dir='ltr'>feeit,</span> 
     </span>
     <span class='ocr_line' id='line_1_4' title="bbox 121 555 842 625; baseline 0.004 -18"><span class='ocrx_word' id='word_1_17' title='bbox 121 556 254 623; x_wconf 71' lang='lat' dir='ltr'>Pleiadas</span> <span class='ocrx_word' id='word_1_18' title='bbox 269 555 389 623; x_wconf 85' lang='lat' dir='ltr'>Hyadas,</span> <span class='ocrx_word' id='word_1_19' title='bbox 405 555 559 625; x_wconf 78' lang='lat' dir='ltr'>claramque</span> <span class='ocrx_word' id='word_1_20' title='bbox 572 555 709 623; x_wconf 78' lang='lat' dir='ltr'>Lycaonis</span> <span class='ocrx_word' id='word_1_21' title='bbox 723 558 842 624; x_wconf 76' lang='lat' dir='ltr'>Arotou3</span> 
     </span>
     <span class='ocr_line' id='line_1_5' title="bbox 122 643 760 712; baseline 0.002 -17"><span class='ocrx_word' id='word_1_22' title='bbox 122 643 189 695; x_wconf 89' lang='lat' dir='ltr'>Turn</span> <span class='ocrx_word' id='word_1_23' title='bbox 202 643 307 712; x_wconf 84' lang='lat' dir='ltr'>laqueis</span> <span class='ocrx_word' id='word_1_24' title='bbox 319 649 432 711; x_wconf 88' lang='lat' dir='ltr'>eaptare</span> <span class='ocrx_word' id='word_1_25' title='bbox 445 644 522 708; x_wconf 83' lang='lat' dir='ltr'>serus,</span> <span class='ocrx_word' id='word_1_26' title='bbox 537 651 564 697; x_wconf 91' lang='lat' dir='ltr'>et</span> <span class='ocrx_word' id='word_1_27' title='bbox 577 643 672 696; x_wconf 87' lang='lat' dir='ltr'>fallere</span> <span class='ocrx_word' id='word_1_28' title='bbox 684 645 760 696; x_wconf 89' lang='lat' dir='ltr'>viseo</span> 
     </span>
     <span class='ocr_line' id='line_1_6' title="bbox 122 729 869 798; baseline 0 -16"><span class='ocrx_word' id='word_1_29' title='bbox 122 730 278 793; x_wconf 79' lang='lat' dir='ltr'>Inventum,</span> <span class='ocrx_word' id='word_1_30' title='bbox 293 736 321 784; x_wconf 90' lang='lat' dir='ltr'>et</span> <span class='ocrx_word' id='word_1_31' title='bbox 333 747 450 798; x_wconf 87' lang='lat' dir='ltr'>magnos</span> <span class='ocrx_word' id='word_1_32' title='bbox 463 730 574 784; x_wconf 83' lang='lat' dir='ltr'>senibus</span> <span class='ocrx_word' id='word_1_33' title='bbox 587 729 757 783; x_wconf 81' lang='lat' dir='ltr'>circumdare</span> <span class='ocrx_word' id='word_1_34' title='bbox 769 729 869 798; x_wconf 82' lang='lat' dir='ltr'>saltus3</span> 
     </span>
     <span class='ocr_line' id='line_1_7' title="bbox 124 814 837 884; baseline -0.003 -16"><span class='ocrx_word' id='word_1_35' title='bbox 124 817 216 884; x_wconf 84' lang='lat' dir='ltr'>Atque</span> <span class='ocrx_word' id='word_1_36' title='bbox 230 815 298 868; x_wconf 88' lang='lat' dir='ltr'>alius</span> <span class='ocrx_word' id='word_1_37' title='bbox 310 815 397 868; x_wconf 86' lang='lat' dir='ltr'>latum</span> <span class='ocrx_word' id='word_1_38' title='bbox 411 815 499 868; x_wconf 83' lang='lat' dir='ltr'>funde</span> <span class='ocrx_word' id='word_1_39' title='bbox 511 815 564 867; x_wconf 81' lang='lat' dir='ltr'>iaru</span> <span class='ocrx_word' id='word_1_40' title='bbox 579 814 707 867; x_wconf 86' lang='lat' dir='ltr'>verberat</span> <span class='ocrx_word' id='word_1_41' title='bbox 720 829 837 878; x_wconf 87' lang='lat' dir='ltr'>amnem,</span> 
     </span>
    </p>
   </div>
   <div class='ocr_carea' id='block_1_3' title="bbox 42 900 774 970">
    <p class='ocr_par' dir='ltr' id='par_1_3' title="bbox 42 900 774 970">
     <span class='ocr_line' id='line_1_8' title="bbox 42 900 774 970; baseline 0 -16"><span class='ocrx_word' id='word_1_42' title='bbox 42 903 47 914; x_wconf 91' lang='lat'>&#39;</span> <span class='ocrx_word' id='word_1_43' title='bbox 122 903 188 956; x_wconf 84' lang='lat' dir='ltr'>Alta</span> <span class='ocrx_word' id='word_1_44' title='bbox 200 907 296 970; x_wconf 87' lang='lat' dir='ltr'>petens</span> <span class='ocrx_word' id='word_1_45' title='bbox 308 902 378 956; x_wconf 88' lang='lat' dir='ltr'>alius</span> <span class='ocrx_word' id='word_1_46' title='bbox 390 900 487 970; x_wconf 91' lang='lat' dir='ltr'>pelago</span> <span class='ocrx_word' id='word_1_47' title='bbox 499 901 585 954; x_wconf 91' lang='lat' dir='ltr'>trahit</span> <span class='ocrx_word' id='word_1_48' title='bbox 597 902 691 954; x_wconf 88' lang='lat' dir='ltr'>umida</span> <span class='ocrx_word' id='word_1_49' title='bbox 702 902 774 963; x_wconf 69' lang='lat' dir='ltr'>lina:</span> 
     </span>
    </p>
   </div>
   <div class='ocr_carea' id='block_1_4' title="bbox 121 984 832 1142">
    <p class='ocr_par' dir='ltr' id='par_1_4' title="bbox 121 984 832 1142">
     <span class='ocr_line' id='line_1_9' title="bbox 121 984 832 1054; baseline -0.003 -14"><span class='ocrx_word' id='word_1_50' title='bbox 121 987 189 1040; x_wconf 90' lang='lat' dir='ltr'>Tum</span> <span class='ocrx_word' id='word_1_51' title='bbox 203 987 270 1040; x_wconf 87' lang='lat' dir='ltr'>ferri</span> <span class='ocrx_word' id='word_1_52' title='bbox 281 987 356 1054; x_wconf 87' lang='lat' dir='ltr'>rigor</span> <span class='ocrx_word' id='word_1_53' title='bbox 367 991 450 1054; x_wconf 90' lang='lat' dir='ltr'>atque</span> <span class='ocrx_word' id='word_1_54' title='bbox 463 990 576 1053; x_wconf 81' lang='lat' dir='ltr'>argutae</span> <span class='ocrx_word' id='word_1_55' title='bbox 588 984 691 1038; x_wconf 90' lang='lat' dir='ltr'>lamina</span> <span class='ocrx_word' id='word_1_56' title='bbox 703 1001 832 1038; x_wconf 83' lang='lat' dir='ltr'>serrae-</span> 
     </span>
     <span class='ocr_line' id='line_1_10' title="bbox 121 1071 818 1142; baseline -0.001 -15"><span class='ocrx_word' id='word_1_57' title='bbox 121 1073 146 1127; x_wconf 87' lang='lat' dir='ltr'>N</span> <span class='ocrx_word' id='word_1_58' title='bbox 149 1090 194 1127; x_wconf 91' lang='lat' dir='ltr'>am</span> <span class='ocrx_word' id='word_1_59' title='bbox 207 1074 289 1142; x_wconf 89' lang='lat' dir='ltr'>primi</span> <span class='ocrx_word' id='word_1_60' title='bbox 302 1073 396 1126; x_wconf 87' lang='lat' dir='ltr'>euneis</span> <span class='ocrx_word' id='word_1_61' title='bbox 409 1072 570 1126; x_wconf 76' lang='lat' dir='ltr'>scindebant</span> <span class='ocrx_word' id='word_1_62' title='bbox 583 1071 665 1126; x_wconf 87' lang='lat' dir='ltr'>fissile</span> <span class='ocrx_word' id='word_1_63' title='bbox 677 1073 818 1141; x_wconf 87' lang='lat' dir='ltr'>lignum—</span> 
     </span>
    </p>
   </div>
   <div class='ocr_carea' id='block_1_5' title="bbox 15 1159 818 1214">
    <p class='ocr_par' dir='ltr' id='par_1_5' title="bbox 15 1159 818 1214">
     <span class='ocr_line' id='line_1_11' title="bbox 15 1159 818 1214; baseline -0.001 -1"><span class='ocrx_word' id='word_1_64' title='bbox 15 1185 16 1188; x_wconf 42' lang='lat'><em>*</em></span> <span class='ocrx_word' id='word_1_65' title='bbox 121 1160 189 1213; x_wconf 89' lang='lat' dir='ltr'>Tum</span> <span class='ocrx_word' id='word_1_66' title='bbox 202 1160 295 1214; x_wconf 79' lang='lat' dir='ltr'>variae</span> <span class='ocrx_word' id='word_1_67' title='bbox 308 1177 409 1213; x_wconf 90' lang='lat' dir='ltr'>venere</span> <span class='ocrx_word' id='word_1_68' title='bbox 422 1165 502 1214; x_wconf 86' lang='lat' dir='ltr'>artes.</span> <span class='ocrx_word' id='word_1_69' title='bbox 540 1159 631 1213; x_wconf 83' lang='lat' dir='ltr'><strong>Labor</strong></span> <span class='ocrx_word' id='word_1_70' title='bbox 644 1160 738 1213; x_wconf 88' lang='lat' dir='ltr'>omnia</span> <span class='ocrx_word' id='word_1_71' title='bbox 751 1159 818 1212; x_wconf 83' lang='lat' dir='ltr'>visit</span> 
     </span>
    </p>
   </div>
   <div class='ocr_carea' id='block_1_6' title="bbox 89 1247 902 3496">
    <p class='ocr_par' dir='ltr' id='par_1_6' title="bbox 89 1247 902 3496">
     <span class='ocr_line' id='line_1_12' title="bbox 121 1247 773 1316; baseline 0 -16"><span class='ocrx_word' id='word_1_72' title='bbox 121 1248 267 1316; x_wconf 89' lang='lat' dir='ltr'>Improbus</span> <span class='ocrx_word' id='word_1_73' title='bbox 279 1252 309 1300; x_wconf 87' lang='lat' dir='ltr'>et</span> <span class='ocrx_word' id='word_1_74' title='bbox 320 1247 397 1300; x_wconf 89' lang='lat' dir='ltr'>duris</span> <span class='ocrx_word' id='word_1_75' title='bbox 409 1263 510 1315; x_wconf 90' lang='lat' dir='ltr'>urgens</span> <span class='ocrx_word' id='word_1_76' title='bbox 522 1247 550 1299; x_wconf 95' lang='lat' dir='ltr'>in</span> <span class='ocrx_word' id='word_1_77' title='bbox 563 1247 646 1300; x_wconf 84' lang='lat' dir='ltr'>rebus</span> <span class='ocrx_word' id='word_1_78' title='bbox 658 1251 773 1314; x_wconf 88' lang='lat' dir='ltr'>egestas.</span> 
     </span>
     <span class='ocr_line' id='line_1_13' title="bbox 122 1333 772 1388; baseline -0.002 -1"><span class='ocrx_word' id='word_1_79' title='bbox 122 1335 215 1388; x_wconf 91' lang='lat' dir='ltr'>Prima</span> <span class='ocrx_word' id='word_1_80' title='bbox 228 1334 312 1388; x_wconf 80' lang='lat' dir='ltr'>Ceres</span> <span class='ocrx_word' id='word_1_81' title='bbox 324 1335 398 1387; x_wconf 84' lang='lat' dir='ltr'>ferro</span> <span class='ocrx_word' id='word_1_82' title='bbox 411 1333 535 1388; x_wconf 81' lang='lat' dir='ltr'>mortalis</span> <span class='ocrx_word' id='word_1_83' title='bbox 547 1339 655 1388; x_wconf 87' lang='lat' dir='ltr'>vertere</span> <span class='ocrx_word' id='word_1_84' title='bbox 668 1339 772 1388; x_wconf 86' lang='lat' dir='ltr'>terram</span> 
     </span>
     <span class='ocr_line' id='line_1_14' title="bbox 121 1420 834 1490; baseline -0.001 -15"><span class='ocrx_word' id='word_1_85' title='bbox 121 1422 254 1490; x_wconf 79' lang='lat' dir='ltr'>Instituit,</span> <span class='ocrx_word' id='word_1_86' title='bbox 269 1438 331 1475; x_wconf 90' lang='lat' dir='ltr'>oum</span> <span class='ocrx_word' id='word_1_87' title='bbox 343 1422 397 1474; x_wconf 90' lang='lat' dir='ltr'>iam</span> <span class='ocrx_word' id='word_1_88' title='bbox 411 1420 523 1490; x_wconf 84' lang='lat' dir='ltr'>glandes</span> <span class='ocrx_word' id='word_1_89' title='bbox 535 1426 617 1490; x_wconf 88' lang='lat' dir='ltr'>atque</span> <span class='ocrx_word' id='word_1_90' title='bbox 630 1421 729 1474; x_wconf 85' lang='lat' dir='ltr'>arbuta</span> <span class='ocrx_word' id='word_1_91' title='bbox 742 1437 834 1474; x_wconf 85' lang='lat' dir='ltr'>saurae</span> 
     </span>
     <span class='ocr_line' id='line_1_15' title="bbox 121 1508 796 1575; baseline 0 -13"><span class='ocrx_word' id='word_1_92' title='bbox 121 1509 278 1562; x_wconf 87' lang='lat' dir='ltr'>Defioerent</span> <span class='ocrx_word' id='word_1_93' title='bbox 290 1508 373 1562; x_wconf 80' lang='lat' dir='ltr'>silvae</span> <span class='ocrx_word' id='word_1_94' title='bbox 386 1514 415 1561; x_wconf 90' lang='lat' dir='ltr'>et</span> <span class='ocrx_word' id='word_1_95' title='bbox 426 1509 532 1564; x_wconf 88' lang='lat' dir='ltr'>vietum</span> <span class='ocrx_word' id='word_1_96' title='bbox 544 1508 663 1562; x_wconf 90' lang='lat' dir='ltr'>Dodona</span> <span class='ocrx_word' id='word_1_97' title='bbox 674 1514 796 1575; x_wconf 85' lang='lat' dir='ltr'>negaret.</span> 
     </span>
     <span class='ocr_line' id='line_1_16' title="bbox 121 1595 854 1662; baseline -0.003 -13"><span class='ocrx_word' id='word_1_98' title='bbox 121 1596 186 1650; x_wconf 82' lang='lat' dir='ltr'>Mox</span> <span class='ocrx_word' id='word_1_99' title='bbox 200 1602 228 1650; x_wconf 88' lang='lat' dir='ltr'>et</span> <span class='ocrx_word' id='word_1_100' title='bbox 240 1596 386 1649; x_wconf 87' lang='lat' dir='ltr'>frumentis</span> <span class='ocrx_word' id='word_1_101' title='bbox 398 1597 477 1650; x_wconf 88' lang='lat' dir='ltr'>labor</span> <span class='ocrx_word' id='word_1_102' title='bbox 489 1595 607 1662; x_wconf 88' lang='lat' dir='ltr'>additus,</span> <span class='ocrx_word' id='word_1_103' title='bbox 622 1601 653 1649; x_wconf 86' lang='lat' dir='ltr'>ut</span> <span class='ocrx_word' id='word_1_104' title='bbox 664 1596 736 1650; x_wconf 83' lang='lat' dir='ltr'>mala</span> <span class='ocrx_word' id='word_1_105' title='bbox 749 1595 854 1648; x_wconf 89' lang='lat' dir='ltr'>eulmos</span> 
     </span>
     <span class='ocr_line' id='line_1_17' title="bbox 121 1682 734 1751; baseline -0.002 -16"><span class='ocrx_word' id='word_1_106' title='bbox 121 1682 201 1736; x_wconf 86' lang='lat' dir='ltr'>Esset</span> <span class='ocrx_word' id='word_1_107' title='bbox 214 1682 312 1751; x_wconf 87' lang='lat' dir='ltr'>robigo</span> <span class='ocrx_word' id='word_1_108' title='bbox 325 1683 470 1751; x_wconf 83' lang='lat' dir='ltr'>segnisque</span> <span class='ocrx_word' id='word_1_109' title='bbox 482 1683 608 1736; x_wconf 88' lang='lat' dir='ltr'>horreret</span> <span class='ocrx_word' id='word_1_110' title='bbox 620 1682 649 1735; x_wconf 95' lang='lat' dir='ltr'>in</span> <span class='ocrx_word' id='word_1_111' title='bbox 662 1683 734 1736; x_wconf 88' lang='lat' dir='ltr'>arvis</span> 
     </span>
     <span class='ocr_line' id='line_1_18' title="bbox 122 1769 829 1839; baseline -0.006 -15"><span class='ocrx_word' id='word_1_112' title='bbox 122 1770 259 1824; x_wconf 86' lang='lat' dir='ltr'>Oarduus:</span> <span class='ocrx_word' id='word_1_113' title='bbox 279 1771 420 1824; x_wconf 89' lang='lat' dir='ltr'>intereunt</span> <span class='ocrx_word' id='word_1_114' title='bbox 432 1777 544 1839; x_wconf 81' lang='lat' dir='ltr'>segetes,</span> <span class='ocrx_word' id='word_1_115' title='bbox 559 1770 633 1823; x_wconf 90' lang='lat' dir='ltr'>subit</span> <span class='ocrx_word' id='word_1_116' title='bbox 644 1786 742 1838; x_wconf 86' lang='lat' dir='ltr'>aspere</span> <span class='ocrx_word' id='word_1_117' title='bbox 753 1769 829 1834; x_wconf 87' lang='lat' dir='ltr'>silva,</span> 
     </span>
     <span class='ocr_line' id='line_1_19' title="bbox 121 1857 815 1927; baseline -0.003 -16"><span class='ocrx_word' id='word_1_118' title='bbox 121 1857 286 1927; x_wconf 86' lang='lat' dir='ltr'>Lappaeque</span> <span class='ocrx_word' id='word_1_119' title='bbox 298 1857 455 1926; x_wconf 87' lang='lat' dir='ltr'>tribulique,</span> <span class='ocrx_word' id='word_1_120' title='bbox 469 1859 597 1926; x_wconf 88' lang='lat' dir='ltr'>interque</span> <span class='ocrx_word' id='word_1_121' title='bbox 609 1857 728 1910; x_wconf 87' lang='lat' dir='ltr'>nitentia</span> <span class='ocrx_word' id='word_1_122' title='bbox 740 1857 815 1910; x_wconf 88' lang='lat' dir='ltr'>oulta</span> 
     </span>
     <span class='ocr_line' id='line_1_20' title="bbox 121 1944 807 1999; baseline -0.003 -1"><span class='ocrx_word' id='word_1_123' title='bbox 121 1945 224 1998; x_wconf 81' lang='lat' dir='ltr'>Infelix</span> <span class='ocrx_word' id='word_1_124' title='bbox 236 1945 331 1998; x_wconf 91' lang='lat' dir='ltr'>lolium</span> <span class='ocrx_word' id='word_1_125' title='bbox 346 1951 374 1998; x_wconf 85' lang='lat' dir='ltr'>et</span> <span class='ocrx_word' id='word_1_126' title='bbox 387 1945 493 1999; x_wconf 87' lang='lat' dir='ltr'>steriles</span> <span class='ocrx_word' id='word_1_127' title='bbox 506 1944 684 1998; x_wconf 86' lang='lat' dir='ltr'>dominantur</span> <span class='ocrx_word' id='word_1_128' title='bbox 697 1959 807 1997; x_wconf 88' lang='lat' dir='ltr'>avenae.</span> 
     </span>
     <span class='ocr_line' id='line_1_21' title="bbox 121 2031 872 2098; baseline -0.004 -12"><span class='ocrx_word' id='word_1_129' title='bbox 121 2033 267 2098; x_wconf 79' lang='lat' dir='ltr'>Quodnisi</span> <span class='ocrx_word' id='word_1_130' title='bbox 281 2039 310 2086; x_wconf 89' lang='lat' dir='ltr'>et</span> <span class='ocrx_word' id='word_1_131' title='bbox 322 2032 444 2086; x_wconf 79' lang='lat' dir='ltr'>adsiduis</span> <span class='ocrx_word' id='word_1_132' title='bbox 457 2032 571 2086; x_wconf 89' lang='lat' dir='ltr'>herbam</span> <span class='ocrx_word' id='word_1_133' title='bbox 584 2031 756 2084; x_wconf 77' lang='lat' dir='ltr'>insectabere</span> <span class='ocrx_word' id='word_1_134' title='bbox 769 2032 872 2098; x_wconf 88' lang='lat' dir='ltr'>rastris,</span> 
     </span>
     <span class='ocr_line' id='line_1_22' title="bbox 121 2119 697 2188; baseline -0.003 -16"><span class='ocrx_word' id='word_1_135' title='bbox 121 2120 158 2173; x_wconf 89' lang='lat' dir='ltr'>Et</span> <span class='ocrx_word' id='word_1_136' title='bbox 170 2122 264 2174; x_wconf 88' lang='lat' dir='ltr'>sonitu</span> <span class='ocrx_word' id='word_1_137' title='bbox 276 2121 394 2174; x_wconf 86' lang='lat' dir='ltr'>terrebis</span> <span class='ocrx_word' id='word_1_138' title='bbox 406 2136 478 2188; x_wconf 86' lang='lat' dir='ltr'>aves,</span> <span class='ocrx_word' id='word_1_139' title='bbox 494 2125 522 2172; x_wconf 90' lang='lat' dir='ltr'>et</span> <span class='ocrx_word' id='word_1_140' title='bbox 535 2119 605 2171; x_wconf 87' lang='lat' dir='ltr'>ruris</span> <span class='ocrx_word' id='word_1_141' title='bbox 618 2119 697 2186; x_wconf 85' lang='lat' dir='ltr'>opaei</span> 
     </span>
     <span class='ocr_line' id='line_1_23' title="bbox 121 2204 902 2277; baseline -0.003 -17"><span class='ocrx_word' id='word_1_142' title='bbox 121 2208 201 2262; x_wconf 86' lang='lat' dir='ltr'>Falee</span> <span class='ocrx_word' id='word_1_143' title='bbox 212 2224 322 2277; x_wconf 87' lang='lat' dir='ltr'>premes</span> <span class='ocrx_word' id='word_1_144' title='bbox 334 2207 470 2273; x_wconf 92' lang='lat' dir='ltr'>umbram,</span> <span class='ocrx_word' id='word_1_145' title='bbox 487 2206 612 2273; x_wconf 84' lang='lat' dir='ltr'>votisque</span> <span class='ocrx_word' id='word_1_146' title='bbox 625 2205 766 2258; x_wconf 85' lang='lat' dir='ltr'>vocaveris</span> <span class='ocrx_word' id='word_1_147' title='bbox 778 2204 902 2271; x_wconf 82' lang='lat' dir='ltr'>imbrem,</span> 
     </span>
     <span class='ocr_line' id='line_1_24' title="bbox 89 2292 878 2364; baseline -0.009 -15"><span class='ocrx_word' id='word_1_148' title='bbox 89 2327 93 2334; x_wconf 88' lang='lat'><strong>·</strong></span> <span class='ocrx_word' id='word_1_149' title='bbox 121 2295 192 2364; x_wconf 88' lang='lat' dir='ltr'>Heu,</span> <span class='ocrx_word' id='word_1_150' title='bbox 206 2312 338 2364; x_wconf 90' lang='lat' dir='ltr'>magnum</span> <span class='ocrx_word' id='word_1_151' title='bbox 353 2294 465 2348; x_wconf 87' lang='lat' dir='ltr'>alterius</span> <span class='ocrx_word' id='word_1_152' title='bbox 477 2294 581 2345; x_wconf 79' lang='lat' dir='ltr'>frustra</span> <span class='ocrx_word' id='word_1_153' title='bbox 593 2292 729 2361; x_wconf 82' lang='lat' dir='ltr'>spectabis</span> <span class='ocrx_word' id='word_1_154' title='bbox 742 2307 878 2357; x_wconf 80' lang='lat' dir='ltr'>acervum,</span> 
     </span>
     <span class='ocr_line' id='line_1_25' title="bbox 123 2379 823 2451; baseline -0.009 -15"><span class='ocrx_word' id='word_1_155' title='bbox 123 2381 316 2451; x_wconf 82' lang='lat' dir='ltr'>Gonoussaque</span> <span class='ocrx_word' id='word_1_156' title='bbox 328 2382 432 2435; x_wconf 82' lang='lat' dir='ltr'>famem</span> <span class='ocrx_word' id='word_1_157' title='bbox 444 2379 475 2432; x_wconf 89' lang='lat' dir='ltr'>in</span> <span class='ocrx_word' id='word_1_158' title='bbox 487 2379 564 2432; x_wconf 90' lang='lat' dir='ltr'>silvis</span> <span class='ocrx_word' id='word_1_159' title='bbox 577 2379 701 2432; x_wconf 89' lang='lat' dir='ltr'>solabere</span> <span class='ocrx_word' id='word_1_160' title='bbox 714 2394 823 2445; x_wconf 84' lang='lat' dir='ltr'>quereu.</span> 
     </span>
     <span class='ocr_line' id='line_1_26' title="bbox 155 2466 865 2538; baseline -0.008 -16"><span class='ocrx_word' id='word_1_161' title='bbox 155 2469 312 2524; x_wconf 82' lang='lat' dir='ltr'>Dicendum</span> <span class='ocrx_word' id='word_1_162' title='bbox 326 2474 361 2535; x_wconf 87' lang='lat' dir='ltr'>et,</span> <span class='ocrx_word' id='word_1_163' title='bbox 376 2484 446 2538; x_wconf 90' lang='lat' dir='ltr'>quae</span> <span class='ocrx_word' id='word_1_164' title='bbox 459 2468 515 2521; x_wconf 91' lang='lat' dir='ltr'>sint</span> <span class='ocrx_word' id='word_1_165' title='bbox 528 2467 603 2520; x_wconf 88' lang='lat' dir='ltr'>duris</span> <span class='ocrx_word' id='word_1_166' title='bbox 616 2466 769 2534; x_wconf 83' lang='lat' dir='ltr'>agrestibus</span> <span class='ocrx_word' id='word_1_167' title='bbox 782 2481 865 2531; x_wconf 86' lang='lat' dir='ltr'>arma,</span> 
     </span>
     <span class='ocr_line' id='line_1_27' title="bbox 122 2556 837 2625; baseline -0.007 -14"><span class='ocrx_word' id='word_1_168' title='bbox 122 2556 189 2622; x_wconf 84' lang='lat' dir='ltr'>Quis</span> <span class='ocrx_word' id='word_1_169' title='bbox 201 2558 261 2611; x_wconf 89' lang='lat' dir='ltr'>siue</span> <span class='ocrx_word' id='word_1_170' title='bbox 273 2573 326 2610; x_wconf 91' lang='lat' dir='ltr'>neo</span> <span class='ocrx_word' id='word_1_171' title='bbox 337 2562 453 2625; x_wconf 89' lang='lat' dir='ltr'>potuere</span> <span class='ocrx_word' id='word_1_172' title='bbox 466 2556 520 2609; x_wconf 91' lang='lat' dir='ltr'>seri</span> <span class='ocrx_word' id='word_1_173' title='bbox 534 2571 584 2608; x_wconf 89' lang='lat' dir='ltr'>neo</span> <span class='ocrx_word' id='word_1_174' title='bbox 597 2570 709 2621; x_wconf 87' lang='lat' dir='ltr'>surgere</span> <span class='ocrx_word' id='word_1_175' title='bbox 721 2569 837 2606; x_wconf 88' lang='lat' dir='ltr'>messes:</span> 
     </span>
     <span class='ocr_line' id='line_1_28' title="bbox 121 2640 799 2712; baseline -0.01 -13"><span class='ocrx_word' id='word_1_176' title='bbox 121 2645 220 2699; x_wconf 91' lang='lat' dir='ltr'>Vomis</span> <span class='ocrx_word' id='word_1_177' title='bbox 233 2649 262 2698; x_wconf 82' lang='lat' dir='ltr'>et</span> <span class='ocrx_word' id='word_1_178' title='bbox 274 2643 371 2698; x_wconf 82' lang='lat' dir='ltr'>inflexi</span> <span class='ocrx_word' id='word_1_179' title='bbox 383 2643 501 2711; x_wconf 89' lang='lat' dir='ltr'>primum</span> <span class='ocrx_word' id='word_1_180' title='bbox 512 2658 595 2712; x_wconf 89' lang='lat' dir='ltr'>grave</span> <span class='ocrx_word' id='word_1_181' title='bbox 608 2642 693 2695; x_wconf 89' lang='lat' dir='ltr'>robur</span> <span class='ocrx_word' id='word_1_182' title='bbox 706 2640 799 2708; x_wconf 89' lang='lat' dir='ltr'>aratri,</span> 
     </span>
     <span class='ocr_line' id='line_1_29' title="bbox 120 2728 830 2800; baseline -0.01 -14"><span class='ocrx_word' id='word_1_183' title='bbox 120 2731 264 2800; x_wconf 84' lang='lat' dir='ltr'>Tardaque</span> <span class='ocrx_word' id='word_1_184' title='bbox 277 2731 424 2784; x_wconf 86' lang='lat' dir='ltr'>Eleusinae</span> <span class='ocrx_word' id='word_1_185' title='bbox 436 2730 533 2783; x_wconf 88' lang='lat' dir='ltr'>matris</span> <span class='ocrx_word' id='word_1_186' title='bbox 546 2728 687 2782; x_wconf 86' lang='lat' dir='ltr'>volventia</span> <span class='ocrx_word' id='word_1_187' title='bbox 699 2728 830 2796; x_wconf 88' lang='lat' dir='ltr'>plaustra,</span> 
     </span>
     <span class='ocr_line' id='line_1_30' title="bbox 120 2813 882 2888; baseline -0.009 -15"><span class='ocrx_word' id='word_1_188' title='bbox 120 2820 295 2888; x_wconf 87' lang='lat' dir='ltr'>Tribulaque,</span> <span class='ocrx_word' id='word_1_189' title='bbox 310 2817 485 2886; x_wconf 89' lang='lat' dir='ltr'>traheaeque,</span> <span class='ocrx_word' id='word_1_190' title='bbox 500 2823 528 2870; x_wconf 88' lang='lat' dir='ltr'>et</span> <span class='ocrx_word' id='word_1_191' title='bbox 541 2816 636 2884; x_wconf 90' lang='lat' dir='ltr'>iniquo</span> <span class='ocrx_word' id='word_1_192' title='bbox 650 2815 773 2884; x_wconf 86' lang='lat' dir='ltr'>pondere</span> <span class='ocrx_word' id='word_1_193' title='bbox 785 2813 882 2880; x_wconf 80' lang='lat' dir='ltr'>rastri3</span> 
     </span>
     <span class='ocr_line' id='line_1_31' title="bbox 120 2903 743 2975; baseline -0.01 -14"><span class='ocrx_word' id='word_1_194' title='bbox 120 2905 225 2975; x_wconf 88' lang='lat' dir='ltr'>Virgea</span> <span class='ocrx_word' id='word_1_195' title='bbox 237 2910 384 2975; x_wconf 87' lang='lat' dir='ltr'>praeterea</span> <span class='ocrx_word' id='word_1_196' title='bbox 397 2904 471 2958; x_wconf 80' lang='lat' dir='ltr'>Celei</span> <span class='ocrx_word' id='word_1_197' title='bbox 484 2903 600 2972; x_wconf 84' lang='lat' dir='ltr'>vilisque</span> <span class='ocrx_word' id='word_1_198' title='bbox 613 2903 743 2970; x_wconf 84' lang='lat' dir='ltr'>supellex,</span> 
     </span>
     <span class='ocr_line' id='line_1_32' title="bbox 120 2989 770 3058; baseline -0.009 -10"><span class='ocrx_word' id='word_1_199' title='bbox 120 2995 264 3048; x_wconf 82' lang='lat' dir='ltr'>Arbuteae</span> <span class='ocrx_word' id='word_1_200' title='bbox 277 2998 368 3046; x_wconf 83' lang='lat' dir='ltr'>crates</span> <span class='ocrx_word' id='word_1_201' title='bbox 380 2996 408 3044; x_wconf 88' lang='lat' dir='ltr'>et</span> <span class='ocrx_word' id='word_1_202' title='bbox 421 2991 538 3058; x_wconf 87' lang='lat' dir='ltr'>mystioa</span> <span class='ocrx_word' id='word_1_203' title='bbox 549 3006 656 3044; x_wconf 86' lang='lat' dir='ltr'>vannus</span> <span class='ocrx_word' id='word_1_204' title='bbox 668 2989 770 3042; x_wconf 89' lang='lat' dir='ltr'>Iaoohi.</span> 
     </span>
     <span class='ocr_line' id='line_1_33' title="bbox 120 3076 860 3150; baseline -0.009 -15"><span class='ocrx_word' id='word_1_205' title='bbox 120 3081 222 3136; x_wconf 84' lang='lat' dir='ltr'>Omnia</span> <span class='ocrx_word' id='word_1_206' title='bbox 235 3097 306 3150; x_wconf 90' lang='lat' dir='ltr'>quae</span> <span class='ocrx_word' id='word_1_207' title='bbox 318 3078 407 3132; x_wconf 89' lang='lat' dir='ltr'>multo</span> <span class='ocrx_word' id='word_1_208' title='bbox 420 3083 484 3132; x_wconf 85' lang='lat' dir='ltr'>ante</span> <span class='ocrx_word' id='word_1_209' title='bbox 496 3094 601 3130; x_wconf 89' lang='lat' dir='ltr'>memor</span> <span class='ocrx_word' id='word_1_210' title='bbox 614 3076 724 3144; x_wconf 90' lang='lat' dir='ltr'>provisa</span> <span class='ocrx_word' id='word_1_211' title='bbox 735 3091 860 3143; x_wconf 90' lang='lat' dir='ltr'>repones,</span> 
     </span>
     <span class='ocr_line' id='line_1_34' title="bbox 120 3164 688 3236; baseline -0.012 -14"><span class='ocrx_word' id='word_1_212' title='bbox 120 3167 149 3222; x_wconf 88' lang='lat' dir='ltr'>Si</span> <span class='ocrx_word' id='word_1_213' title='bbox 161 3175 190 3222; x_wconf 88' lang='lat' dir='ltr'>te</span> <span class='ocrx_word' id='word_1_214' title='bbox 203 3167 288 3236; x_wconf 84' lang='lat' dir='ltr'>digna</span> <span class='ocrx_word' id='word_1_215' title='bbox 300 3170 396 3218; x_wconf 91' lang='lat' dir='ltr'>manet</span> <span class='ocrx_word' id='word_1_216' title='bbox 408 3164 495 3217; x_wconf 88' lang='lat' dir='ltr'>divini</span> <span class='ocrx_word' id='word_1_217' title='bbox 507 3165 596 3232; x_wconf 85' lang='lat' dir='ltr'>gloria</span> <span class='ocrx_word' id='word_1_218' title='bbox 608 3164 688 3216; x_wconf 77' lang='lat' dir='ltr'>ruris,</span> 
     </span>
     <span class='ocr_line' id='line_1_35' title="bbox 121 3243 772 3322; baseline -0.011 -14"><span class='ocrx_word' id='word_1_219' title='bbox 121 3255 262 3309; x_wconf 82' lang='lat' dir='ltr'>Continuo</span> <span class='ocrx_word' id='word_1_220' title='bbox 275 3255 305 3306; x_wconf 90' lang='lat' dir='ltr'>in</span> <span class='ocrx_word' id='word_1_221' title='bbox 319 3252 394 3306; x_wconf 84' lang='lat' dir='ltr'>silvis</span> <span class='ocrx_word' id='word_1_222' title='bbox 407 3269 505 3319; x_wconf 88' lang='lat' dir='ltr'>magna</span> <span class='ocrx_word' id='word_1_223' title='bbox 518 3252 544 3322; x_wconf 83' lang='lat' dir='ltr'>vi</span> <span class='ocrx_word' id='word_1_224' title='bbox 558 3251 630 3304; x_wconf 87' lang='lat' dir='ltr'>flexa</span> <span class='ocrx_word' id='word_1_225' title='bbox 643 3243 772 3302; x_wconf 85' lang='lat' dir='ltr'>domatur</span> 
     </span>
     <span class='ocr_line' id='line_1_36' title="bbox 121 3335 847 3406; baseline -0.008 -12"><span class='ocrx_word' id='word_1_226' title='bbox 121 3341 151 3395; x_wconf 94' lang='lat' dir='ltr'>In</span> <span class='ocrx_word' id='word_1_227' title='bbox 165 3343 258 3396; x_wconf 91' lang='lat' dir='ltr'>burim</span> <span class='ocrx_word' id='word_1_228' title='bbox 272 3345 302 3394; x_wconf 89' lang='lat' dir='ltr'>et</span> <span class='ocrx_word' id='word_1_229' title='bbox 315 3339 392 3392; x_wconf 84' lang='lat' dir='ltr'>eurvi</span> <span class='ocrx_word' id='word_1_230' title='bbox 405 3338 520 3392; x_wconf 83' lang='lat' dir='ltr'>formum</span> <span class='ocrx_word' id='word_1_231' title='bbox 533 3337 633 3406; x_wconf 82' lang='lat' dir='ltr'>accipit</span> <span class='ocrx_word' id='word_1_232' title='bbox 647 3337 735 3389; x_wconf 89' lang='lat' dir='ltr'>ulmus</span> <span class='ocrx_word' id='word_1_233' title='bbox 748 3335 847 3389; x_wconf 86' lang='lat' dir='ltr'>aratri:</span> 
     </span>
     <span class='ocr_line' id='line_1_37' title="bbox 123 3425 813 3496; baseline -0.01 -14"><span class='ocrx_word' id='word_1_234' title='bbox 123 3429 192 3484; x_wconf 89' lang='lat' dir='ltr'>Huie</span> <span class='ocrx_word' id='word_1_235' title='bbox 205 3431 241 3484; x_wconf 92' lang='lat' dir='ltr'>ab</span> <span class='ocrx_word' id='word_1_236' title='bbox 255 3429 346 3496; x_wconf 89' lang='lat' dir='ltr'>stirpe</span> <span class='ocrx_word' id='word_1_237' title='bbox 358 3425 442 3495; x_wconf 87' lang='lat' dir='ltr'>pedes</span> <span class='ocrx_word' id='word_1_238' title='bbox 453 3432 527 3479; x_wconf 90' lang='lat' dir='ltr'>temo</span> <span class='ocrx_word' id='word_1_239' title='bbox 540 3431 687 3495; x_wconf 89' lang='lat' dir='ltr'>protentus</span> <span class='ocrx_word' id='word_1_240' title='bbox 699 3425 728 3476; x_wconf 90' lang='lat' dir='ltr'>in</span> <span class='ocrx_word' id='word_1_241' title='bbox 742 3428 813 3484; x_wconf 85' lang='lat' dir='ltr'>oete,</span> 
     </span>
    </p>
   </div>
   <div class='ocr_carea' id='block_1_7' title="bbox 122 3510 812 3632">
    <p class='ocr_par' dir='ltr' id='par_1_7' title="bbox 122 3510 812 3632">
     <span class='ocr_line' id='line_1_38' title="bbox 122 3510 812 3632; baseline -0.009 -64"><span class='ocrx_word' id='word_1_242' title='bbox 122 3514 208 3632; x_wconf 56' lang='lat' dir='ltr'>Binqe</span> <span class='ocrx_word' id='word_1_243' title='bbox 221 3531 312 3580; x_wconf 84' lang='lat' dir='ltr'>aures,</span> <span class='ocrx_word' id='word_1_244' title='bbox 328 3511 430 3581; x_wconf 79' lang='lat' dir='ltr'>duplici</span> <span class='ocrx_word' id='word_1_245' title='bbox 443 3517 571 3580; x_wconf 86' lang='lat' dir='ltr'>aptantur</span> <span class='ocrx_word' id='word_1_246' title='bbox 584 3511 705 3564; x_wconf 83' lang='lat' dir='ltr'>dentalia</span> <span class='ocrx_word' id='word_1_247' title='bbox 717 3510 812 3568; x_wconf 71' lang='lat' dir='ltr'>doram</span> 
     </span>
    </p>
   </div>
   <div class='ocr_carea' id='block_1_8' title="bbox 0 0 1373 3936">
    <p class='ocr_par' dir='ltr' id='par_1_8' title="bbox 0 0 1373 3936">
     <span class='ocr_line' id='line_1_39' title="bbox 0 0 1373 3936; baseline 0 0"><span class='ocrx_word' id='word_1_248' title='bbox 0 0 1373 3936; x_wconf 95' lang='lat' dir='ltr'> </span> 
     </span>
    </p>
   </div>
  </div>
 </body>
</html>
