<?xml version="1.0" encoding="UTF-8"?>
<!DOCTYPE html PUBLIC "-//W3C//DTD XHTML 1.0 Transitional//EN"
    "http://www.w3.org/TR/xhtml1/DTD/xhtml1-transitional.dtd">
<html xmlns="http://www.w3.org/1999/xhtml" xml:lang="en" lang="en">
 <head>
  <title>
</title>
<meta http-equiv="Content-Type" content="text/html;charset=utf-8" />
  <meta name='ocr-system' content='tesseract 3.04.00' />
  <meta name='ocr-capabilities' content='ocr_page ocr_carea ocr_par ocr_line ocrx_word'/>
</head>
<body>
  <div class='ocr_page' id='page_1' title='image "./arevisedtextpoe00virggoog_0208.png"; bbox 0 0 2706 3938; ppageno 0'>
   <div class='ocr_carea' id='block_1_1' title="bbox 519 237 912 286">
    <p class='ocr_par' dir='ltr' id='par_1_1' title="bbox 519 237 912 286">
     <span class='ocr_line' id='line_1_1' title="bbox 519 237 912 286; baseline 0 0"><span class='ocrx_word' id='word_1_1' title='bbox 519 237 656 286; x_wconf 76' lang='lat' dir='ltr'>vussulul</span> <span class='ocrx_word' id='word_1_2' title='bbox 679 237 844 286; x_wconf 66' lang='lat' dir='ltr'>susumus</span> <span class='ocrx_word' id='word_1_3' title='bbox 867 237 912 286; x_wconf 87' lang='lat' dir='ltr'>lV.</span> 
     </span>
    </p>
   </div>
   <div class='ocr_carea' id='block_1_2' title="bbox 208 398 1003 1779">
    <p class='ocr_par' dir='ltr' id='par_1_2' title="bbox 208 398 928 643">
     <span class='ocr_line' id='line_1_2' title="bbox 208 398 882 467; baseline -0.004 -14"><span class='ocrx_word' id='word_1_4' title='bbox 208 401 261 453; x_wconf 87' lang='lat' dir='ltr'>Ter</span> <span class='ocrx_word' id='word_1_5' title='bbox 273 416 333 452; x_wconf 87' lang='lat' dir='ltr'>sese</span> <span class='ocrx_word' id='word_1_6' title='bbox 346 399 476 453; x_wconf 84' lang='lat' dir='ltr'>attollens</span> <span class='ocrx_word' id='word_1_7' title='bbox 489 400 636 467; x_wconf 81' lang='lat' dir='ltr'>cubitoque</span> <span class='ocrx_word' id='word_1_8' title='bbox 649 398 752 452; x_wconf 82' lang='lat' dir='ltr'>adnixa</span> <span class='ocrx_word' id='word_1_9' title='bbox 764 399 882 462; x_wconf 86' lang='lat' dir='ltr'>levavit;</span> 
     </span>
     <span class='ocr_line' id='line_1_3' title="bbox 209 487 928 556; baseline 0.003 -16"><span class='ocrx_word' id='word_1_10' title='bbox 209 489 262 541; x_wconf 89' lang='lat' dir='ltr'>Ter</span> <span class='ocrx_word' id='word_1_11' title='bbox 275 487 399 540; x_wconf 83' lang='lat' dir='ltr'>revoluta</span> <span class='ocrx_word' id='word_1_12' title='bbox 411 497 473 541; x_wconf 86' lang='lat' dir='ltr'>toro</span> <span class='ocrx_word' id='word_1_13' title='bbox 486 498 535 552; x_wconf 80' lang='lat' dir='ltr'>est,</span> <span class='ocrx_word' id='word_1_14' title='bbox 551 487 689 556; x_wconf 86' lang='lat' dir='ltr'>oculisque</span> <span class='ocrx_word' id='word_1_15' title='bbox 700 487 859 540; x_wconf 84' lang='lat' dir='ltr'>errantibus</span> <span class='ocrx_word' id='word_1_16' title='bbox 871 487 928 542; x_wconf 80' lang='lat' dir='ltr'>ulto</span> 
     </span>
     <span class='ocr_line' id='line_1_4' title="bbox 209 573 884 643; baseline 0 -15"><span class='ocrx_word' id='word_1_17' title='bbox 209 574 352 640; x_wconf 82' lang='lat' dir='ltr'><strong>Quaesivit</strong></span> <span class='ocrx_word' id='word_1_18' title='bbox 366 573 441 627; x_wconf 83' lang='lat' dir='ltr'>eaelo</span> <span class='ocrx_word' id='word_1_19' title='bbox 453 574 551 640; x_wconf 80' lang='lat' dir='ltr'>lucem,</span> <span class='ocrx_word' id='word_1_20' title='bbox 566 574 755 643; x_wconf 77' lang='lat' dir='ltr'>ingemuitque</span> <span class='ocrx_word' id='word_1_21' title='bbox 768 579 884 643; x_wconf 84' lang='lat' dir='ltr'>reperta.</span> 
     </span>
    </p>

    <p class='ocr_par' dir='ltr' id='par_1_3' title="bbox 209 660 1003 1779">
     <span class='ocr_line' id='line_1_5' title="bbox 245 660 1000 730; baseline -0.003 -14"><span class='ocrx_word' id='word_1_22' title='bbox 245 663 313 716; x_wconf 81' lang='lat' dir='ltr'>Tum</span> <span class='ocrx_word' id='word_1_23' title='bbox 327 660 397 715; x_wconf 90' lang='lat' dir='ltr'>Iuno</span> <span class='ocrx_word' id='word_1_24' title='bbox 411 662 593 730; x_wconf 84' lang='lat' dir='ltr'>omnipotens,</span> <span class='ocrx_word' id='word_1_25' title='bbox 608 662 722 730; x_wconf 83' lang='lat' dir='ltr'>longum</span> <span class='ocrx_word' id='word_1_26' title='bbox 735 663 864 716; x_wconf 82' lang='lat' dir='ltr'>miserata</span> <span class='ocrx_word' id='word_1_27' title='bbox 876 661 1000 716; x_wconf 87' lang='lat' dir='ltr'>dolorem</span> 
     </span>
     <span class='ocr_line' id='line_1_6' title="bbox 209 747 853 817; baseline -0.002 -15"><span class='ocrx_word' id='word_1_28' title='bbox 209 748 389 817; x_wconf 82' lang='lat' dir='ltr'>Difficilisque</span> <span class='ocrx_word' id='word_1_29' title='bbox 402 748 502 815; x_wconf 87' lang='lat' dir='ltr'>obitus,</span> <span class='ocrx_word' id='word_1_30' title='bbox 518 747 585 800; x_wconf 89' lang='lat' dir='ltr'><strong>Irim</strong></span> <span class='ocrx_word' id='word_1_31' title='bbox 599 748 710 802; x_wconf 81' lang='lat' dir='ltr'>demisit</span> <span class='ocrx_word' id='word_1_32' title='bbox 723 748 853 817; x_wconf 87' lang='lat' dir='ltr'>Olympo,</span> 
     </span>
     <span class='ocr_line' id='line_1_7' title="bbox 210 835 1003 904; baseline 0 -14"><span class='ocrx_word' id='word_1_33' title='bbox 210 837 287 902; x_wconf 79' lang='lat' dir='ltr'>Quae</span> <span class='ocrx_word' id='word_1_34' title='bbox 300 835 452 889; x_wconf 80' lang='lat' dir='ltr'>luctantem</span> <span class='ocrx_word' id='word_1_35' title='bbox 466 836 585 888; x_wconf 84' lang='lat' dir='ltr'>animam</span> <span class='ocrx_word' id='word_1_36' title='bbox 597 839 741 904; x_wconf 84' lang='lat' dir='ltr'>&#39;nexosque</span> <span class='ocrx_word' id='word_1_37' title='bbox 755 836 905 889; x_wconf 81' lang='lat' dir='ltr'>resolveret</span> <span class='ocrx_word' id='word_1_38' title='bbox 918 843 1003 891; x_wconf 86' lang='lat' dir='ltr'>artus.</span> 
     </span>
     <span class='ocr_line' id='line_1_8' title="bbox 211 923 910 993; baseline 0.001 -16"><span class='ocrx_word' id='word_1_39' title='bbox 211 923 281 977; x_wconf 87' lang='lat' dir='ltr'>Nam</span> <span class='ocrx_word' id='word_1_40' title='bbox 296 924 358 992; x_wconf 86' lang='lat' dir='ltr'>quia</span> <span class='ocrx_word' id='word_1_41' title='bbox 372 940 422 976; x_wconf 83' lang='lat' dir='ltr'>neo</span> <span class='ocrx_word' id='word_1_42' title='bbox 435 923 502 991; x_wconf 83' lang='lat' dir='ltr'>fato,</span> <span class='ocrx_word' id='word_1_43' title='bbox 517 924 617 976; x_wconf 84' lang='lat' dir='ltr'>merita</span> <span class='ocrx_word' id='word_1_44' title='bbox 629 940 679 976; x_wconf 88' lang='lat' dir='ltr'>neo</span> <span class='ocrx_word' id='word_1_45' title='bbox 691 929 781 977; x_wconf 87' lang='lat' dir='ltr'>morte</span> <span class='ocrx_word' id='word_1_46' title='bbox 793 925 910 993; x_wconf 83' lang='lat' dir='ltr'>peribat,</span> 
     </span>
     <span class='ocr_line' id='line_1_9' title="bbox 211 1009 959 1080; baseline 0.003 -16"><span class='ocrx_word' id='word_1_47' title='bbox 211 1011 264 1064; x_wconf 84' lang='lat' dir='ltr'>Sed</span> <span class='ocrx_word' id='word_1_48' title='bbox 278 1011 377 1064; x_wconf 87' lang='lat' dir='ltr'>misera</span> <span class='ocrx_word' id='word_1_49' title='bbox 390 1015 455 1063; x_wconf 86' lang='lat' dir='ltr'>aute</span> <span class='ocrx_word' id='word_1_50' title='bbox 468 1009 550 1075; x_wconf 80' lang='lat' dir='ltr'>diem,</span> <span class='ocrx_word' id='word_1_51' title='bbox 567 1011 715 1079; x_wconf 85' lang='lat' dir='ltr'>subitoque</span> <span class='ocrx_word' id='word_1_52' title='bbox 729 1027 845 1066; x_wconf 81' lang='lat' dir='ltr'>acoeusa</span> <span class='ocrx_word' id='word_1_53' title='bbox 856 1013 959 1080; x_wconf 88' lang='lat' dir='ltr'>furore,</span> 
     </span>
     <span class='ocr_line' id='line_1_10' title="bbox 211 1097 926 1168; baseline 0.001 -17"><span class='ocrx_word' id='word_1_54' title='bbox 211 1097 340 1152; x_wconf 88' lang='lat' dir='ltr'>Nondum</span> <span class='ocrx_word' id='word_1_55' title='bbox 355 1097 394 1151; x_wconf 85' lang='lat' dir='ltr'>illi</span> <span class='ocrx_word' id='word_1_56' title='bbox 408 1097 510 1150; x_wconf 80' lang='lat' dir='ltr'>flavum</span> <span class='ocrx_word' id='word_1_57' title='bbox 525 1098 691 1168; x_wconf 78' lang='lat' dir='ltr'>Proserpina</span> <span class='ocrx_word' id='word_1_58' title='bbox 704 1101 807 1154; x_wconf 85' lang='lat' dir='ltr'>vertioe</span> <span class='ocrx_word' id='word_1_59' title='bbox 821 1101 926 1154; x_wconf 80' lang='lat' dir='ltr'>crinem</span> 
     </span>
     <span class='ocr_line' id='line_1_11' title="bbox 210 1184 928 1255; baseline 0.003 -17"><span class='ocrx_word' id='word_1_60' title='bbox 210 1185 380 1253; x_wconf 80' lang='lat' dir='ltr'>Abstulerat,</span> <span class='ocrx_word' id='word_1_61' title='bbox 396 1184 546 1254; x_wconf 79' lang='lat' dir='ltr'>Stygioque</span> <span class='ocrx_word' id='word_1_62' title='bbox 559 1195 643 1255; x_wconf 83' lang='lat' dir='ltr'>eaput</span> <span class='ocrx_word' id='word_1_63' title='bbox 656 1189 835 1242; x_wconf 82' lang='lat' dir='ltr'>damnaverat</span> <span class='ocrx_word' id='word_1_64' title='bbox 847 1186 928 1240; x_wconf 82' lang='lat' dir='ltr'>Oreo.</span> 
     </span>
     <span class='ocr_line' id='line_1_12' title="bbox 210 1272 887 1344; baseline 0.003 -19"><span class='ocrx_word' id='word_1_65' title='bbox 210 1273 285 1342; x_wconf 87' lang='lat' dir='ltr'>Ergo</span> <span class='ocrx_word' id='word_1_66' title='bbox 298 1272 350 1326; x_wconf 90' lang='lat' dir='ltr'>Iris</span> <span class='ocrx_word' id='word_1_67' title='bbox 362 1273 466 1326; x_wconf 84' lang='lat' dir='ltr'>orooeis</span> <span class='ocrx_word' id='word_1_68' title='bbox 477 1289 528 1342; x_wconf 82' lang='lat' dir='ltr'>per</span> <span class='ocrx_word' id='word_1_69' title='bbox 541 1275 645 1328; x_wconf 84' lang='lat' dir='ltr'>caelum</span> <span class='ocrx_word' id='word_1_70' title='bbox 661 1276 769 1330; x_wconf 85' lang='lat' dir='ltr'>roscida</span> <span class='ocrx_word' id='word_1_71' title='bbox 781 1275 887 1344; x_wconf 84' lang='lat' dir='ltr'>pennis,</span> 
     </span>
     <span class='ocr_line' id='line_1_13' title="bbox 211 1359 842 1431; baseline 0.006 -19"><span class='ocrx_word' id='word_1_72' title='bbox 211 1359 286 1412; x_wconf 89' lang='lat' dir='ltr'>Mille</span> <span class='ocrx_word' id='word_1_73' title='bbox 299 1360 412 1414; x_wconf 85' lang='lat' dir='ltr'>trahens</span> <span class='ocrx_word' id='word_1_74' title='bbox 426 1362 516 1415; x_wconf 86' lang='lat' dir='ltr'>varios</span> <span class='ocrx_word' id='word_1_75' title='bbox 529 1363 645 1417; x_wconf 85' lang='lat' dir='ltr'>adverso</span> <span class='ocrx_word' id='word_1_76' title='bbox 659 1365 716 1418; x_wconf 86' lang='lat' dir='ltr'>sole</span> <span class='ocrx_word' id='word_1_77' title='bbox 729 1363 842 1431; x_wconf 85' lang='lat' dir='ltr'>colores,</span> 
     </span>
     <span class='ocr_line' id='line_1_14' title="bbox 211 1446 958 1518; baseline 0.001 -18"><span class='ocrx_word' id='word_1_78' title='bbox 211 1446 337 1513; x_wconf 71' lang='lat' dir='ltr'>Devolat</span> <span class='ocrx_word' id='word_1_79' title='bbox 352 1452 381 1500; x_wconf 85' lang='lat' dir='ltr'>et</span> <span class='ocrx_word' id='word_1_80' title='bbox 393 1464 477 1516; x_wconf 89' lang='lat' dir='ltr'>supra</span> <span class='ocrx_word' id='word_1_81' title='bbox 490 1458 573 1518; x_wconf 80' lang='lat' dir='ltr'>eaput</span> <span class='ocrx_word' id='word_1_82' title='bbox 587 1452 691 1504; x_wconf 84' lang='lat' dir='ltr'>astitit:</span> <span class='ocrx_word' id='word_1_83' title='bbox 714 1455 731 1479; x_wconf 82' lang='lat'>“</span> <span class='ocrx_word' id='word_1_84' title='bbox 740 1451 822 1504; x_wconf 89' lang='lat' dir='ltr'>Huno</span> <span class='ocrx_word' id='word_1_85' title='bbox 835 1466 886 1517; x_wconf 82' lang='lat' dir='ltr'>ego</span> <span class='ocrx_word' id='word_1_86' title='bbox 897 1447 958 1502; x_wconf 87' lang='lat' dir='ltr'>Diti</span> 
     </span>
     <span class='ocr_line' id='line_1_15' title="bbox 211 1534 901 1606; baseline 0.003 -18"><span class='ocrx_word' id='word_1_87' title='bbox 211 1535 325 1588; x_wconf 78' lang='lat' dir='ltr'>Sacrum</span> <span class='ocrx_word' id='word_1_88' title='bbox 337 1534 410 1588; x_wconf 85' lang='lat' dir='ltr'>iussa</span> <span class='ocrx_word' id='word_1_89' title='bbox 423 1536 488 1605; x_wconf 87' lang='lat' dir='ltr'>fero,</span> <span class='ocrx_word' id='word_1_90' title='bbox 504 1543 586 1606; x_wconf 86' lang='lat' dir='ltr'>teque</span> <span class='ocrx_word' id='word_1_91' title='bbox 599 1538 653 1592; x_wconf 90' lang='lat' dir='ltr'>isto</span> <span class='ocrx_word' id='word_1_92' title='bbox 667 1555 783 1606; x_wconf 85' lang='lat' dir='ltr'>corpore</span> <span class='ocrx_word' id='word_1_93' title='bbox 795 1537 901 1591; x_wconf 88' lang='lat' dir='ltr'>solvo.”</span> 
     </span>
     <span class='ocr_line' id='line_1_16' title="bbox 212 1621 915 1687; baseline 0.006 -13"><span class='ocrx_word' id='word_1_94' title='bbox 212 1622 257 1674; x_wconf 79' lang='lat' dir='ltr'>Sio</span> <span class='ocrx_word' id='word_1_95' title='bbox 270 1621 315 1687; x_wconf 85' lang='lat' dir='ltr'>ait,</span> <span class='ocrx_word' id='word_1_96' title='bbox 331 1627 359 1673; x_wconf 83' lang='lat' dir='ltr'>et</span> <span class='ocrx_word' id='word_1_97' title='bbox 372 1621 471 1677; x_wconf 84' lang='lat' dir='ltr'>dextra</span> <span class='ocrx_word' id='word_1_98' title='bbox 484 1625 589 1679; x_wconf 79' lang='lat' dir='ltr'>crinem</span> <span class='ocrx_word' id='word_1_99' title='bbox 603 1633 693 1680; x_wconf 79' lang='lat' dir='ltr'>secat:</span> <span class='ocrx_word' id='word_1_100' title='bbox 715 1627 806 1679; x_wconf 87' lang='lat' dir='ltr'>omnis</span> <span class='ocrx_word' id='word_1_101' title='bbox 818 1631 847 1678; x_wconf 89' lang='lat' dir='ltr'>et</span> <span class='ocrx_word' id='word_1_102' title='bbox 859 1641 915 1678; x_wconf 84' lang='lat' dir='ltr'>uua</span> 
     </span>
     <span class='ocr_line' id='line_1_17' title="bbox 212 1708 895 1779; baseline 0.012 -19"><span class='ocrx_word' id='word_1_103' title='bbox 212 1708 342 1778; x_wconf 89' lang='lat' dir='ltr'>Dilapsus</span> <span class='ocrx_word' id='word_1_104' title='bbox 354 1709 437 1772; x_wconf 78' lang='lat' dir='ltr'>calor,</span> <span class='ocrx_word' id='word_1_105' title='bbox 452 1716 535 1779; x_wconf 84' lang='lat' dir='ltr'>atque</span> <span class='ocrx_word' id='word_1_106' title='bbox 548 1713 578 1766; x_wconf 88' lang='lat' dir='ltr'>in</span> <span class='ocrx_word' id='word_1_107' title='bbox 590 1719 690 1768; x_wconf 86' lang='lat' dir='ltr'>ventos</span> <span class='ocrx_word' id='word_1_108' title='bbox 704 1714 762 1768; x_wconf 82' lang='lat' dir='ltr'>vita</span> <span class='ocrx_word' id='word_1_109' title='bbox 774 1712 895 1768; x_wconf 84' lang='lat' dir='ltr'>recessit.</span> 
     </span>
    </p>
   </div>
   <div class='ocr_carea' id='block_1_3' title="bbox 0 0 1372 3938">
    <p class='ocr_par' dir='ltr' id='par_1_4' title="bbox 0 0 1372 3938">
     <span class='ocr_line' id='line_1_18' title="bbox 0 0 1372 3938; baseline 0 0"><span class='ocrx_word' id='word_1_110' title='bbox 0 0 1372 3938; x_wconf 95' lang='lat' dir='ltr'> </span> 
     </span>
    </p>
   </div>
  </div>
 </body>
</html>
