2706 3938
438 871 468 940 P.
481 870 620 940 tnatltl
639 869 790 942 lllRONIS

366 1055 414 1132 A
441 1056 478 1130 E
506 1055 550 1130 N
579 1055 616 1128 E
645 1053 737 1128 ID
768 1052 804 1129 Ο
837 1053 865 1130 S

419 1250 554 1311 urana
582 1248 803 1324 cataroe.

518 1447 688 1458 ——r———n

104 1573 141 1630 at
152 1577 246 1646 regina
257 1576 340 1648 gravi
352 1575 509 1631 iamdudum
522 1577 615 1631 saucia
627 1593 693 1630 cura

105 1660 206 1718 Volnus
218 1665 269 1719 alit
281 1665 369 1732 renis,
384 1670 412 1718 et
424 1681 506 1718 caeco
519 1664 639 1734 carpitur
651 1664 717 1733 igni.

104 1748 187 1804 Multa
198 1752 251 1804 viri
265 1751 356 1805 virtus
368 1751 469 1820 animo,
482 1751 639 1821 multusque
652 1755 776 1806 recursat

105 1838 196 1894 (lentis
207 1841 317 1908 honos,
336 1841 453 1894 haerent
464 1841 544 1894 infixi
556 1851 668 1910 pectore
680 1841 773 1895 uoltus

105 1920 254 1996 Verbaque,
267 1943 323 1980 nec
334 1925 472 1995 placidam
483 1927 615 1984 membris
627 1927 675 1982 dat
686 1944 752 1981 cura
765 1927 893 1997 quietern.

105 2012 213 2069 Postera
225 2014 361 2068 Phoebea
373 2014 507 2078 lustrabat
519 2017 645 2086 lampade
657 2022 746 2072 terras

105 2101 303 2173 Umentemque
317 2102 427 2157 Aurora
438 2104 502 2172 polo
515 2105 670 2160 dimoverat
682 2104 816 2170 umbram,

105 2193 166 2246 (lum
179 2196 218 2250 sic
227 2195 391 2251 unanimam
404 2195 562 2267 adloquitur
574 2196 645 2249 male
657 2210 724 2248 sana
736 2211 873 2249 sororem:

107 2281 207 2337 “Anna
219 2301 308 2353 soror,
324 2301 392 2354 quae
404 2301 448 2338 me
458 2302 617 2354 suspensam
629 2286 767 2340 insomnia
779 2285 901 2339 terrent!

105 2367 165 2434 Quis
175 2389 265 2426 novus
276 2371 326 2425 hic
338 2373 440 2426 nostris
452 2373 584 2428 successit
596 2372 706 2428 sedibus
718 2372 825 2441 hospes,

105 2454 184 2521 Quem
196 2477 254 2514 sese
267 2477 318 2514 ore
330 2461 428 2526 ferens,
442 2477 523 2530 quarn
536 2461 604 2515 forti
616 2466 726 2529 pectore
739 2466 768 2514 et
780 2461 878 2514 armisl

105 2541 187 2600 (hedo
200 2549 340 2617 equidem,
353 2567 405 2603 nec
418 2566 488 2603 vana
499 2549 575 2618 fides,
590 2565 676 2618 genus
689 2565 747 2602 esse
759 2548 882 2604 deorum.

104 2627 252 2700 Degeneres
264 2637 375 2691 animos
386 2637 471 2690 timor
483 2637 581 2706 arguit.
619 2636 689 2705 Heu,
705 2637 803 2705 quibus
814 2636 861 2690 ille

104 2715 215 2776 Iactatus
227 2725 312 2778 fatis!
333 2740 403 2792 quae
416 2724 488 2778 balla
499 2725 634 2780 exhausta
645 2725 776 2779 canebatl

105 2803 129 2857 Si
140 2809 205 2862 mihi
216 2828 275 2865 non
289 2812 381 2865 animo
393 2811 477 2866 fixum
491 2813 691 2880 immotumque
704 2811 818 2880 sederet,

105 2889 142 2945 Ne
154 2897 196 2948 cni
208 2915 252 2952 me
265 2898 359 2952 vinclo
373 2898 470 2953 vellem
484 2899 589 2953 sociare
601 2899 692 2967 iugali,

104 2975 244 3052 Postquam
256 2986 363 3055 primns
376 3004 453 3041 amor
465 2987 610 3055 deceptam
621 2991 712 3040 morte
723 2985 837 3056 fefellit,

105 3065 193 3124 Sinon
206 3080 363 3142 pertaesum
377 3075 492 3130 thalami
504 3075 656 3144 taedaeque
669 3075 776 3142 fuisset,

105 3152 169 3212 llnic
180 3163 228 3214 uni
239 3163 337 3217 forsan
349 3165 429 3232 potui
441 3164 619 3218 succumbere
631 3163 735 3232 culpae.

105 3239 186 3312 Anna,
200 3247 312 3303 fatebor
325 3251 406 3315 enim,
421 3251 514 3304 miseri
526 3255 590 3319 post
602 3251 659 3304 fata
672 3249 789 3317 Sychaei

106 3327 227 3400 Coniugis
240 3342 268 3389 et
281 3354 392 3406 sparsos
404 3338 529 3392 fraterna
543 3338 626 3392 caede
639 3338 758 3404 Penatis,

105 3413 177 3472 Solus
187 3421 232 3477 hic
244 3424 350 3478 inflexit
363 3441 465 3490 sensns,
480 3425 655 3494 animumque
668 3425 806 3478 labantem

105 3501 216 3574 Impulit.
253 3511 383 3582 Agnosco
395 3513 501 3566 veteris
512 3511 775 3580 vestigiaflammae.
