2734 3936
502 185 639 236 VERGILI
663 187 852 236 GEORGIGON
877 187 898 238 1.

190 346 363 415 Exercctque
375 347 506 415 frequens
518 347 653 415 tellurem,
670 358 752 416 atquc
764 349 883 415 imperat
896 349 976 402 ervis.

226 432 327 486 Umida
338 433 456 487 solstitia
469 439 550 502 atque
563 433 667 487 hiemes
680 440 756 488 orate
769 451 888 503 serenas,

190 520 351 588 Agricolae3
371 519 489 574 hiberno
502 520 652 574 laetissime
664 521 778 588 pulvere
790 522 874 589 farra,

189 605 290 660 Laetus
302 624 381 675 ager:
402 607 479 660 nullo
493 613 600 661 tantum
614 625 643 660 se
656 607 745 674 Mysia
758 609 834 662 cultu

189 693 278 747 lactat
291 700 319 747 et
332 695 391 762 ipsa
404 711 466 748 suas
478 695 614 748 miramur
628 695 752 762 Gargara
763 695 869 748 messis.

189 780 262 844 Quid
274 782 371 850 dicam,
385 781 458 834 iacto
471 782 517 850 qui
530 781 633 835 semine
646 782 801 835 comminus
813 798 881 836 arva

189 867 345 936 Insequitur
358 868 536 938 cumulosque
548 869 605 922 ruit
618 869 689 922 male
702 870 812 937 pinguis
824 869 961 924 harenae?

188 955 295 1009 Deinde
308 956 374 1008 satis
387 955 501 1008 fluvium
513 955 620 1009 inducit
632 956 761 1025 rivosque
773 957 920 1026 sequentis,

188 1042 233 1111 Et,
248 1059 310 1095 cum
323 1048 436 1096 exustus
448 1059 513 1110 ager
526 1043 707 1096 morientibus
720 1049 826 1097 aestuat
839 1044 939 1113 herbis,

188 1129 258 1183 Ecce
272 1130 419 1197 supercilio
432 1130 528 1183 clivosi
540 1129 660 1183 tramitis
673 1129 775 1183 undam

188 1216 288 1269 Elicitl
307 1217 354 1270 illa
366 1217 466 1270 cadens
478 1233 591 1270 raucum
605 1232 655 1284 per
667 1216 739 1270 levia
751 1234 875 1270 murmur

189 1303 260 1356 Saxa
273 1304 334 1370 ciet,
349 1303 535 1370 scatebrisque
549 1303 656 1357 arentia
668 1309 805 1372 temperat
818 1322 892 1358 arva.

189 1389 269 1454 Quid,
286 1391 339 1458 qui,
355 1407 390 1442 ne
403 1390 524 1458 gravidis
535 1390 699 1459 procumbat
711 1391 816 1444 culmus
828 1392 927 1460 aristis,

188 1475 337 1528 Luxuriem
350 1485 472 1544 segetum
485 1482 582 1530 tenera
595 1477 718 1545 depascit
733 1479 760 1531 in
773 1479 867 1546 herba,

190 1562 260 1615 Cum
273 1563 391 1630 primum
407 1564 495 1617 sulcos
508 1569 628 1631 aequant
641 1565 719 1618 satal
739 1566 839 1634 quique
852 1566 960 1634 paludis

189 1649 342 1703 Collectum
357 1667 480 1704 umorem
494 1651 588 1705 bibula
601 1651 713 1705 deducit
725 1652 836 1720 harena,

188 1735 354 1789 Praesertim
367 1738 479 1790 incertis
493 1739 516 1791 si
530 1741 668 1794 mensibus
681 1742 770 1794 amnis
784 1741 927 1794 abundans

188 1824 253 1877 Exit
276 1831 303 1878 et
316 1825 436 1878 obducto
449 1825 504 1879 late
516 1831 594 1880 tenet
607 1829 700 1882 omnia
711 1829 785 1894 limo,

189 1911 269 1966 Unde
282 1929 366 1966 cavae
378 1914 472 1982 tepido
486 1916 586 1969 sudant
597 1934 694 1971 umore
707 1918 838 1972 lacunael

223 1998 283 2053 Nec
295 2005 397 2068 tamen,
411 2002 478 2056 haec
492 2019 553 2056 cum
567 2004 622 2056 sint
634 2004 831 2074 hominumque
843 2005 982 2073 boumque
995 2005 1103 2059 labores

190 2085 334 2141 Versando
347 2094 448 2142 terram
464 2090 578 2158 experti,
593 2090 662 2143 nihil
674 2091 818 2159 improbus
831 2108 912 2146 anser

189 2172 417 2245 Strymoniaeque
430 2192 511 2248 grues
524 2183 552 2229 et
565 2177 666 2230 amaris
678 2178 767 2232 intiba
778 2178 856 2232 fibris

189 2259 320 2315 Officirmt
333 2268 380 2316 aut
394 2263 491 2316 umbra
503 2273 593 2316 nocet.
631 2263 715 2318 Pater
727 2265 785 2334 ipse
798 2264 906 2319 colendi

189 2346 270 2400 Haud
283 2348 392 2401 facilem
406 2365 465 2402 esse
479 2349 550 2403 viam
563 2351 659 2419 voluit,
674 2351 833 2420 primusque
846 2369 895 2420 per
908 2354 996 2405 artem

188 2433 276 2488 Movit
289 2452 375 2503 agros,
391 2437 464 2489 curis
477 2453 576 2490 acuens
588 2438 719 2492 mortalia
732 2438 824 2506 corda,

189 2519 248 2573 Nec
260 2527 371 2590 torpere
384 2524 461 2590 gravi
474 2540 568 2592 passus
581 2541 630 2578 sua
643 2542 728 2592 regna
742 2531 865 2579 veterno.

188 2610 263 2661 Ante
276 2609 370 2663 Iovem
384 2611 452 2663 nulli
465 2611 627 2678 subigebant
640 2629 705 2666 arva
717 2612 824 2679 coloni3

188 2694 231 2748 Ne
244 2696 351 2764 signare
365 2697 472 2766 quidem
488 2706 535 2751 aut
548 2699 645 2767 partiri
657 2699 745 2753 limite
757 2717 883 2767 campum

187 2782 240 2836 Fas
253 2791 326 2838 erat:
346 2785 376 2837 in
386 2785 508 2838 medium
522 2787 699 2855 quaerebant,
713 2787 827 2855 ipsaque
841 2785 922 2840 tellus

188 2872 289 2925 Omnia
301 2872 422 2940 liberius,
436 2872 513 2926 nullo
526 2879 667 2941 poscente,
683 2873 798 2927 ferebat.

187 2955 236 3010 ille
250 2958 353 3011 malum
365 2959 441 3012 virus
454 2961 628 3028 serpentibus
641 2959 747 3014 addidit
760 2959 835 3028 atris,

187 3045 371 3114 Praedarique
383 3047 462 3114 lupos
475 3047 562 3116 iussit,
576 3053 748 3117 pontumque
761 3048 874 3115 moveri,

187 3131 322 3201 Mellaque
335 3133 455 3186 decussit
468 3134 550 3199 foliis,
565 3135 712 3203 ignemque
725 3134 851 3202 removit,

186 3217 224 3272 Et
236 3220 334 3287 passim
348 3221 414 3273 rivis
427 3220 567 3274 currentia
580 3221 643 3274 vina
656 3223 793 3290 repressit,

187 3305 225 3359 Ut
239 3307 327 3360 varias
339 3324 404 3360 usus
416 3306 575 3362 meditando
589 3309 754 3362 extunderet
766 3309 832 3362 artis

187 3391 331 3461 Paulatim,
346 3400 374 3447 et
387 3394 469 3447 sulcis
481 3395 615 3448 frumenti
627 3402 771 3463 quaereret
783 3396 906 3463 herbam,

187 3477 226 3531 Ut
239 3479 319 3532 silicis
333 3480 409 3532 venis
422 3481 578 3532 abstrusum
592 3481 741 3534 excuderet
752 3482 853 3548 ignem,
