2734 3936
514 221 653 271 vanum
677 219 867 269 GEORGIGON
889 217 909 268 l.

201 384 274 441 Nam
287 401 377 454 neque
389 389 450 438 tum
462 385 550 438 stellis
562 385 634 438 acies
647 383 767 436 obtunsa
778 381 898 449 videtur,

201 473 230 526 N
231 490 262 528 ec
274 472 369 526 fratris
380 471 466 526 radiis
478 471 599 525 obnoxia
611 485 723 538 surgere
735 469 822 531 Luna,

201 560 306 614 Tenuia
318 576 370 612 nec
381 558 461 612 lanae
473 575 524 627 per
536 557 642 612 caelum
656 556 762 610 vellera
772 556 840 608 ferri
850 573 857 622 ;

202 647 267 700 Non
279 646 404 715 tepidum
417 645 453 699 ad
466 645 551 699 solem
566 659 671 714 pennas
683 643 712 696 in
726 643 808 696 litore
821 642 948 710 pandunt

202 734 328 787 Dilectae
340 733 450 786 Thetidi
463 733 600 800 alcyones,
616 748 673 784 non
687 746 734 783 ore
748 729 853 782 solutos

202 821 341 873 immundi
353 820 505 873 meminere
517 836 580 872 sues
591 819 695 871 iactare
708 816 852 885 maniplos.

202 907 243 960 At
255 907 373 961 nebulae
386 907 473 974 magis
485 908 541 960 ima
552 911 652 975 petunt
669 921 824 973 campoque
836 904 1009 971 recumbunt,

203 991 275 1045 Solis
288 996 317 1045 et
329 1008 455 1046 occasum
470 1007 584 1045 servans
596 991 632 1044 de
644 989 764 1043 culmine
777 1006 885 1043 summo

203 1078 379 1148 Nequiquam
392 1095 468 1132 seros
480 1083 590 1133 exercet
601 1081 704 1131 noctua
716 1087 821 1132 contus.

204 1167 329 1235 Apparet
341 1166 448 1235 liquido
460 1165 584 1220 sublimis
595 1164 625 1218 in
638 1171 703 1218 aere
714 1163 807 1230 Nisus,

202 1253 240 1306 Et
251 1270 303 1321 pro
315 1237 456 1322 purpureo
468 1270 574 1322 poenas
585 1253 635 1306 dat
646 1253 738 1320 Scylla
750 1252 865 1320 capillo:

203 1339 384 1409 Quacumque
394 1341 443 1395 illa
454 1341 543 1394 levem
555 1340 665 1409 fugiens
677 1345 753 1393 secat
766 1338 879 1392 aethera
891 1337 998 1407 penius,

202 1426 275 1480 Ecce
288 1428 422 1496 inimicus,
438 1435 527 1496 atrox,
541 1443 642 1495 magno
655 1426 773 1480 stridore
786 1442 836 1494 per
849 1441 930 1479 auras

203 1513 362 1582 Insequitur
375 1513 475 1582 Nisus3
497 1532 550 1583 qua
562 1531 592 1568 se
603 1515 658 1567 fert
671 1513 755 1567 Nisus
767 1513 802 1566 ad
815 1529 903 1581 auras,

203 1600 255 1654 Illa
267 1600 356 1654 levem
368 1602 476 1670 fugiens
489 1603 590 1671 raptim
604 1609 677 1656 secat
689 1601 802 1656 aethera
814 1599 923 1669 pennis.

203 1687 273 1740 Tum
285 1688 405 1757 liquidas
416 1691 494 1743 corvi
506 1706 601 1758 presso
613 1694 658 1742 ter
670 1695 783 1758 gutture
796 1703 877 1741 voces

204 1776 264 1827 Aut
277 1780 374 1844 quater
386 1777 566 1844 ingeminent,
581 1781 611 1830 et
623 1793 705 1844 saepe
720 1775 856 1830 cubilibus
869 1774 939 1842 altis,

204 1861 306 1916 Nescio
319 1879 373 1931 qua
385 1871 497 1932 praeter
509 1865 618 1916 solitum
631 1863 778 1917 dulcedine
795 1862 869 1931 laeti,

205 1949 282 2004 Inter
295 1950 365 2003 sein
377 1951 453 2004 foliis
466 1952 627 2019 strepitant3
647 1951 726 2004 iuvat
736 1951 872 2003 imbribus
883 1948 953 2003 actis

204 2038 370 2104 Progeniem
382 2055 496 2106 parvam
510 2038 651 2107 dulcisque
663 2039 783 2091 revisere
796 2037 891 2092 nidos:

204 2125 294 2194 Haud,
309 2126 436 2194 equidem
450 2125 542 2193 credo,
556 2127 620 2195 quia
632 2125 671 2178 sit
681 2125 817 2178 divinitus
829 2125 884 2179 illis

204 2213 350 2280 Ingenium
364 2220 412 2266 aut
430 2229 522 2266 rerum
535 2214 593 2266 fato
606 2212 754 2281 prudentia
766 2213 869 2279 maior3

205 2299 320 2368 Verum,
335 2300 383 2353 ubi
396 2305 548 2369 tempestas
559 2306 587 2353 et
599 2300 668 2354 oceli
682 2299 792 2354 mobilis
805 2315 886 2354 umor

204 2386 349 2441 Mutavere
361 2387 422 2441 vias
433 2393 464 2441 et
474 2387 599 2455 Iuppiter
618 2387 718 2440 uvidus
729 2389 831 2442 austris

205 2475 318 2543 Denset,
333 2478 414 2528 erunt
426 2491 496 2543 quae
508 2475 674 2542 utromodo,
689 2481 725 2542 et,
741 2493 810 2544 quae
824 2475 916 2543 densa,
933 2473 1048 2542 relaxat,

206 2563 363 2617 Vertuntur
376 2561 482 2629 species
493 2562 656 2629 animorum,
672 2569 700 2616 et
713 2569 826 2630 pectora
839 2568 930 2615 motus

205 2651 288 2703 Nunc
300 2649 376 2713 alios,
390 2649 467 2716 alios,
483 2647 549 2701 dum
561 2648 656 2702 nubila
668 2659 770 2703 ventus
781 2650 888 2718 agebat,

206 2737 386 2804 Concipiuut:
407 2735 472 2788 hinc
485 2735 532 2788 ille
545 2736 637 2789 avium
650 2743 802 2790 concentus
818 2737 846 2788 in
860 2736 940 2804 agris,

205 2824 241 2876 Et
253 2824 343 2876 laetae
355 2821 482 2890 pecudes,
497 2828 526 2875 et
538 2827 652 2876 ovantes
666 2828 778 2890 gutture
791 2823 877 2877 corvi.

197 2897 203 2906 ’
240 2910 270 2963 Si
285 2925 350 2962 vero
363 2908 449 2963 solem
462 2909 497 2962 ad
509 2910 636 2978 rapidum
649 2911 782 2979 lunasque
795 2910 936 2978 sequentis

205 2997 311 3052 Ordine
324 2997 461 3066 respicies,
476 3014 625 3066 numquam
641 3004 669 3050 te
682 2997 801 3051 crastino
812 2997 889 3050 fallet
903 3053 907 3065 ,

205 3086 290 3152 liora,
304 3101 394 3153 neque
406 3084 514 3138 insidiis
526 3086 618 3138 noctis
630 3086 737 3153 capiere
750 3102 871 3138 serenae.

204 3173 290 3240 Luna,
305 3172 472 3226 revertentis
484 3189 546 3226 oum
560 3173 677 3241 primum
692 3173 795 3240 colligit
807 3173 888 3241 ignis,

205 3260 234 3314 si
248 3261 358 3328 nigrum
372 3260 489 3314 obscuro
502 3259 707 3328 comprenderit
720 3267 784 3313 aera
797 3275 891 3326 cornu,

205 3347 341 3402 Maximus
354 3347 480 3415 agricolis
493 3347 645 3415 pelagoque
657 3348 800 3415 parabitur
816 3348 922 3414 imber3

207 3435 247 3488 At
259 3435 281 3488 si
294 3434 448 3504 virgineum
462 3434 608 3486 suffuderit
621 3450 669 3486 ore
682 3435 820 3502 ruborem,

207 3519 316 3575 Ventus
329 3521 398 3588 erit3
419 3524 504 3574 vento
516 3535 624 3587 semper
637 3521 718 3574 rubet
730 3538 814 3575 aurea
826 3521 946 3575 Phoebe.
