<?xml version="1.0" encoding="UTF-8"?>
<!DOCTYPE html PUBLIC "-//W3C//DTD XHTML 1.0 Transitional//EN"
    "http://www.w3.org/TR/xhtml1/DTD/xhtml1-transitional.dtd">
<html xmlns="http://www.w3.org/1999/xhtml" xml:lang="en" lang="en">
 <head>
  <title>
</title>
<meta http-equiv="Content-Type" content="text/html;charset=utf-8" />
  <meta name='ocr-system' content='tesseract 3.04.00' />
  <meta name='ocr-capabilities' content='ocr_page ocr_carea ocr_par ocr_line ocrx_word'/>
</head>
<body>
  <div class='ocr_page' id='page_1' title='image "./arevisedtextpoe00virggoog_0127.png"; bbox 0 0 2730 3936; ppageno 0'>
   <div class='ocr_carea' id='block_1_1' title="bbox 475 224 843 278">
    <p class='ocr_par' dir='ltr' id='par_1_1' title="bbox 475 224 843 278">
     <span class='ocr_line' id='line_1_1' title="bbox 475 224 843 278; baseline 0.014 -5"><span class='ocrx_word' id='word_1_1' title='bbox 475 224 615 276; x_wconf 73' lang='lat' dir='ltr'>videbun</span> <span class='ocrx_word' id='word_1_2' title='bbox 637 225 801 278; x_wconf 69' lang='lat' dir='ltr'>crambes</span> <span class='ocrx_word' id='word_1_3' title='bbox 824 228 843 278; x_wconf 94' lang='lat' dir='ltr'>I.</span> 
     </span>
    </p>
   </div>
   <div class='ocr_carea' id='block_1_2' title="bbox 137 381 1017 3592">
    <p class='ocr_par' dir='ltr' id='par_1_2' title="bbox 145 381 889 455">
     <span class='ocr_line' id='line_1_2' title="bbox 145 381 889 455; baseline 0.012 -21"><span class='ocrx_word' id='word_1_4' title='bbox 145 381 207 436; x_wconf 90' lang='lat' dir='ltr'>Hoc</span> <span class='ocrx_word' id='word_1_5' title='bbox 218 386 355 451; x_wconf 89' lang='lat' dir='ltr'>metuens,</span> <span class='ocrx_word' id='word_1_6' title='bbox 370 382 525 452; x_wconf 78' lang='lat' dir='ltr'><strong>molemque</strong></span> <span class='ocrx_word' id='word_1_7' title='bbox 538 390 567 438; x_wconf 90' lang='lat' dir='ltr'>et</span> <span class='ocrx_word' id='word_1_8' title='bbox 578 386 682 440; x_wconf 90' lang='lat' dir='ltr'>montis</span> <span class='ocrx_word' id='word_1_9' title='bbox 694 387 807 455; x_wconf 90' lang='lat' dir='ltr'>insuper</span> <span class='ocrx_word' id='word_1_10' title='bbox 819 388 889 442; x_wconf 88' lang='lat' dir='ltr'>altos</span> 
     </span>
    </p>

    <p class='ocr_par' dir='ltr' id='par_1_3' title="bbox 144 467 822 539">
     <span class='ocr_line' id='line_1_3' title="bbox 144 467 822 539; baseline 0.01 -19"><span class='ocrx_word' id='word_1_11' title='bbox 144 467 290 538; x_wconf 78' lang='lat' dir='ltr'><strong>Imposuit,</strong></span> <span class='ocrx_word' id='word_1_12' title='bbox 305 487 452 539; x_wconf 80' lang='lat' dir='ltr'>regemque</span> <span class='ocrx_word' id='word_1_13' title='bbox 464 470 548 539; x_wconf 88' lang='lat' dir='ltr'>dedit,</span> <span class='ocrx_word' id='word_1_14' title='bbox 563 473 609 539; x_wconf 92' lang='lat' dir='ltr'>qui</span> <span class='ocrx_word' id='word_1_15' title='bbox 622 472 732 526; x_wconf 84' lang='lat' dir='ltr'>foedere</span> <span class='ocrx_word' id='word_1_16' title='bbox 744 480 822 526; x_wconf 90' lang='lat' dir='ltr'>certo</span> 
     </span>
    </p>

    <p class='ocr_par' dir='ltr' id='par_1_4' title="bbox 144 555 871 623">
     <span class='ocr_line' id='line_1_4' title="bbox 144 555 871 623; baseline 0.011 -16"><span class='ocrx_word' id='word_1_17' title='bbox 144 555 183 608; x_wconf 85' lang='lat' dir='ltr'>Et</span> <span class='ocrx_word' id='word_1_18' title='bbox 194 572 321 623; x_wconf 81' lang='lat' dir='ltr'>premere</span> <span class='ocrx_word' id='word_1_19' title='bbox 334 562 362 610; x_wconf 91' lang='lat' dir='ltr'>et</span> <span class='ocrx_word' id='word_1_20' title='bbox 374 557 548 612; x_wconf 85' lang='lat' dir='ltr'>laxcs&#39;sciret</span> <span class='ocrx_word' id='word_1_21' title='bbox 560 558 627 612; x_wconf 86' lang='lat' dir='ltr'>dare</span> <span class='ocrx_word' id='word_1_22' title='bbox 640 560 729 612; x_wconf 89' lang='lat' dir='ltr'>iussus</span> <span class='ocrx_word' id='word_1_23' title='bbox 741 559 871 615; x_wconf 81' lang='lat' dir='ltr'>habenas.</span> 
     </span>
    </p>

    <p class='ocr_par' dir='ltr' id='par_1_5' title="bbox 147 642 889 714">
     <span class='ocr_line' id='line_1_5' title="bbox 147 642 889 714; baseline 0.012 -20"><span class='ocrx_word' id='word_1_24' title='bbox 147 642 192 694; x_wconf 89' lang='lat' dir='ltr'>Ad</span> <span class='ocrx_word' id='word_1_25' title='bbox 207 659 288 710; x_wconf 87' lang='lat' dir='ltr'>quom</span> <span class='ocrx_word' id='word_1_26' title='bbox 301 648 359 697; x_wconf 92' lang='lat' dir='ltr'>tum</span> <span class='ocrx_word' id='word_1_27' title='bbox 374 643 444 698; x_wconf 92' lang='lat' dir='ltr'>Iuno</span> <span class='ocrx_word' id='word_1_28' title='bbox 457 644 572 714; x_wconf 84' lang='lat' dir='ltr'>supplex</span> <span class='ocrx_word' id='word_1_29' title='bbox 585 645 629 700; x_wconf 87' lang='lat' dir='ltr'>his</span> <span class='ocrx_word' id='word_1_30' title='bbox 641 647 756 700; x_wconf 89' lang='lat' dir='ltr'>vocibus</span> <span class='ocrx_word' id='word_1_31' title='bbox 770 664 819 702; x_wconf 84' lang='lat' dir='ltr'>usa</span> <span class='ocrx_word' id='word_1_32' title='bbox 831 659 889 703; x_wconf 84' lang='lat' dir='ltr'>est:</span> 
     </span>
    </p>

    <p class='ocr_par' dir='ltr' id='par_1_6' title="bbox 137 729 1017 802">
     <span class='ocr_line' id='line_1_6' title="bbox 137 729 1017 802; baseline 0.01 -21"><span class='ocrx_word' id='word_1_33' title='bbox 137 762 141 766; x_wconf 92' lang='lat'>-</span> <span class='ocrx_word' id='word_1_34' title='bbox 184 733 200 757; x_wconf 71' lang='lat'>‘⁸</span> <span class='ocrx_word' id='word_1_35' title='bbox 212 729 308 798; x_wconf 88' lang='lat' dir='ltr'>Aeole,</span> <span class='ocrx_word' id='word_1_36' title='bbox 322 747 442 800; x_wconf 87' lang='lat' dir='ltr'>namque</span> <span class='ocrx_word' id='word_1_37' title='bbox 454 732 507 785; x_wconf 91' lang='lat' dir='ltr'>tibi</span> <span class='ocrx_word' id='word_1_38' title='bbox 519 731 610 786; x_wconf 91' lang='lat' dir='ltr'>divom</span> <span class='ocrx_word' id='word_1_39' title='bbox 623 739 702 802; x_wconf 83' lang='lat' dir='ltr'>peter</span> <span class='ocrx_word' id='word_1_40' title='bbox 714 739 798 802; x_wconf 85' lang='lat' dir='ltr'>etque</span> <span class='ocrx_word' id='word_1_41' title='bbox 811 735 954 790; x_wconf 92' lang='lat' dir='ltr'>homiuum</span> <span class='ocrx_word' id='word_1_42' title='bbox 967 750 1017 790; x_wconf 84' lang='lat' dir='ltr'>rex</span> 
     </span>
    </p>

    <p class='ocr_par' dir='ltr' id='par_1_7' title="bbox 144 815 775 888">
     <span class='ocr_line' id='line_1_7' title="bbox 144 815 775 888; baseline 0.011 -20"><span class='ocrx_word' id='word_1_43' title='bbox 144 815 184 868; x_wconf 86' lang='lat' dir='ltr'>Et</span> <span class='ocrx_word' id='word_1_44' title='bbox 195 816 316 870; x_wconf 89' lang='lat' dir='ltr'>mulcere</span> <span class='ocrx_word' id='word_1_45' title='bbox 329 817 406 871; x_wconf 91' lang='lat' dir='ltr'>dedit</span> <span class='ocrx_word' id='word_1_46' title='bbox 418 818 518 872; x_wconf 86' lang='lat' dir='ltr'>fluctus</span> <span class='ocrx_word' id='word_1_47' title='bbox 531 825 559 872; x_wconf 90' lang='lat' dir='ltr'>et</span> <span class='ocrx_word' id='word_1_48' title='bbox 571 820 670 874; x_wconf 89' lang='lat' dir='ltr'>tollere</span> <span class='ocrx_word' id='word_1_49' title='bbox 683 827 775 888; x_wconf 85' lang='lat' dir='ltr'>vente,</span> 
     </span>
    </p>

    <p class='ocr_par' dir='ltr' id='par_1_8' title="bbox 146 903 864 978">
     <span class='ocr_line' id='line_1_8' title="bbox 146 903 864 978; baseline 0.01 -22"><span class='ocrx_word' id='word_1_50' title='bbox 146 903 224 956; x_wconf 85' lang='lat' dir='ltr'>Gens</span> <span class='ocrx_word' id='word_1_51' title='bbox 236 903 348 958; x_wconf 85' lang='lat' dir='ltr'>inimica</span> <span class='ocrx_word' id='word_1_52' title='bbox 359 904 427 958; x_wconf 89' lang='lat' dir='ltr'>mihi</span> <span class='ocrx_word' id='word_1_53' title='bbox 440 905 613 973; x_wconf 86' lang='lat' dir='ltr'>Tyrrhenum</span> <span class='ocrx_word' id='word_1_54' title='bbox 627 907 742 975; x_wconf 83' lang='lat' dir='ltr'>navigat</span> <span class='ocrx_word' id='word_1_55' title='bbox 754 925 864 978; x_wconf 88' lang='lat' dir='ltr'>aequor,</span> 
     </span>
    </p>

    <p class='ocr_par' dir='ltr' id='par_1_9' title="bbox 145 989 816 1062">
     <span class='ocr_line' id='line_1_9' title="bbox 145 989 816 1062; baseline 0.012 -20"><span class='ocrx_word' id='word_1_56' title='bbox 145 989 230 1042; x_wconf 90' lang='lat' dir='ltr'>Ilium</span> <span class='ocrx_word' id='word_1_57' title='bbox 243 991 272 1042; x_wconf 91' lang='lat' dir='ltr'>in</span> <span class='ocrx_word' id='word_1_58' title='bbox 285 989 392 1046; x_wconf 85' lang='lat' dir='ltr'>Italiam</span> <span class='ocrx_word' id='word_1_59' title='bbox 406 999 520 1061; x_wconf 82' lang='lat' dir='ltr'>portans</span> <span class='ocrx_word' id='word_1_60' title='bbox 533 994 676 1062; x_wconf 88' lang='lat' dir='ltr'>victosque</span> <span class='ocrx_word' id='word_1_61' title='bbox 689 994 816 1050; x_wconf 81' lang='lat' dir='ltr'>Penatis:</span> 
     </span>
    </p>

    <p class='ocr_par' dir='ltr' id='par_1_10' title="bbox 146 1077 861 1153">
     <span class='ocr_line' id='line_1_10' title="bbox 146 1077 861 1153; baseline 0.011 -24"><span class='ocrx_word' id='word_1_62' title='bbox 146 1077 246 1131; x_wconf 88' lang='lat' dir='ltr'>Incute</span> <span class='ocrx_word' id='word_1_63' title='bbox 259 1079 315 1130; x_wconf 91' lang='lat' dir='ltr'>vim</span> <span class='ocrx_word' id='word_1_64' title='bbox 328 1079 419 1132; x_wconf 87' lang='lat' dir='ltr'>ventis</span> <span class='ocrx_word' id='word_1_65' title='bbox 431 1080 640 1149; x_wconf 79' lang='lat' dir='ltr'>submersasque</span> <span class='ocrx_word' id='word_1_66' title='bbox 653 1083 740 1136; x_wconf 89' lang='lat' dir='ltr'>obrue</span> <span class='ocrx_word' id='word_1_67' title='bbox 752 1086 861 1153; x_wconf 81' lang='lat' dir='ltr'>puppis,</span> 
     </span>
    </p>

    <p class='ocr_par' dir='ltr' id='par_1_11' title="bbox 146 1165 781 1238">
     <span class='ocr_line' id='line_1_11' title="bbox 146 1165 781 1238; baseline 0.011 -22"><span class='ocrx_word' id='word_1_68' title='bbox 146 1165 207 1218; x_wconf 83' lang='lat' dir='ltr'>Aut</span> <span class='ocrx_word' id='word_1_69' title='bbox 219 1181 270 1233; x_wconf 87' lang='lat' dir='ltr'>age</span> <span class='ocrx_word' id='word_1_70' title='bbox 282 1165 406 1219; x_wconf 87' lang='lat' dir='ltr'>diversos</span> <span class='ocrx_word' id='word_1_71' title='bbox 418 1171 447 1220; x_wconf 93' lang='lat' dir='ltr'>et</span> <span class='ocrx_word' id='word_1_72' title='bbox 458 1167 544 1221; x_wconf 80' lang='lat' dir='ltr'>disice</span> <span class='ocrx_word' id='word_1_73' title='bbox 557 1184 675 1237; x_wconf 86' lang='lat' dir='ltr'>corpore</span> <span class='ocrx_word' id='word_1_74' title='bbox 686 1175 781 1238; x_wconf 89' lang='lat' dir='ltr'>ponto.</span> 
     </span>
    </p>

    <p class='ocr_par' dir='ltr' id='par_1_12' title="bbox 146 1251 936 1328">
     <span class='ocr_line' id='line_1_12' title="bbox 146 1251 936 1328; baseline 0.011 -24"><span class='ocrx_word' id='word_1_75' title='bbox 146 1251 219 1305; x_wconf 89' lang='lat' dir='ltr'>Sunt</span> <span class='ocrx_word' id='word_1_76' title='bbox 230 1253 299 1306; x_wconf 90' lang='lat' dir='ltr'>mihi</span> <span class='ocrx_word' id='word_1_77' title='bbox 312 1254 355 1307; x_wconf 90' lang='lat' dir='ltr'>bis</span> <span class='ocrx_word' id='word_1_78' title='bbox 367 1259 473 1323; x_wconf 78' lang='lat' dir='ltr'>septem</span> <span class='ocrx_word' id='word_1_79' title='bbox 487 1257 639 1324; x_wconf 79' lang='lat' dir='ltr'>praestanti</span> <span class='ocrx_word' id='word_1_80' title='bbox 652 1273 768 1326; x_wconf 89' lang='lat' dir='ltr'>corpore</span> <span class='ocrx_word' id='word_1_81' title='bbox 781 1257 806 1310; x_wconf 91' lang='lat' dir='ltr'>N</span> <span class='ocrx_word' id='word_1_82' title='bbox 809 1259 936 1328; x_wconf 85' lang='lat' dir='ltr'>ympbae,</span> 
     </span>
    </p>

    <p class='ocr_par' dir='ltr' id='par_1_13' title="bbox 147 1341 796 1414">
     <span class='ocr_line' id='line_1_13' title="bbox 147 1341 796 1414; baseline 0.009 -21"><span class='ocrx_word' id='word_1_83' title='bbox 147 1341 271 1405; x_wconf 82' lang='lat' dir='ltr'>Quarum</span> <span class='ocrx_word' id='word_1_84' title='bbox 285 1358 354 1410; x_wconf 87' lang='lat' dir='ltr'>quae</span> <span class='ocrx_word' id='word_1_85' title='bbox 365 1343 456 1396; x_wconf 82' lang='lat' dir='ltr'>forme</span> <span class='ocrx_word' id='word_1_86' title='bbox 468 1343 653 1411; x_wconf 88' lang='lat' dir='ltr'>pulcherrima</span> <span class='ocrx_word' id='word_1_87' title='bbox 665 1344 796 1414; x_wconf 81' lang='lat' dir='ltr'>Deiopea,</span> 
     </span>
    </p>

    <p class='ocr_par' dir='ltr' id='par_1_14' title="bbox 147 1427 826 1501">
     <span class='ocr_line' id='line_1_14' title="bbox 147 1427 826 1501; baseline 0.007 -20"><span class='ocrx_word' id='word_1_88' title='bbox 147 1427 275 1482; x_wconf 79' lang='lat' dir='ltr'>Conubio</span> <span class='ocrx_word' id='word_1_89' title='bbox 287 1429 398 1498; x_wconf 91' lang='lat' dir='ltr'>iungam</span> <span class='ocrx_word' id='word_1_90' title='bbox 411 1430 502 1483; x_wconf 78' lang='lat' dir='ltr'>stabili</span> <span class='ocrx_word' id='word_1_91' title='bbox 515 1431 708 1500; x_wconf 88' lang='lat' dir='ltr'>propriamque</span> <span class='ocrx_word' id='word_1_92' title='bbox 720 1433 826 1501; x_wconf 87' lang='lat' dir='ltr'>dicebo,</span> 
     </span>
    </p>

    <p class='ocr_par' dir='ltr' id='par_1_15' title="bbox 146 1514 792 1588">
     <span class='ocr_line' id='line_1_15' title="bbox 146 1514 792 1588; baseline 0.009 -20"><span class='ocrx_word' id='word_1_93' title='bbox 146 1514 246 1568; x_wconf 90' lang='lat' dir='ltr'>Omnis</span> <span class='ocrx_word' id='word_1_94' title='bbox 258 1521 290 1569; x_wconf 92' lang='lat' dir='ltr'>ut</span> <span class='ocrx_word' id='word_1_95' title='bbox 302 1521 394 1570; x_wconf 90' lang='lat' dir='ltr'>tecum</span> <span class='ocrx_word' id='word_1_96' title='bbox 409 1518 515 1571; x_wconf 87' lang='lat' dir='ltr'>meritis</span> <span class='ocrx_word' id='word_1_97' title='bbox 527 1535 577 1588; x_wconf 91' lang='lat' dir='ltr'>pro</span> <span class='ocrx_word' id='word_1_98' title='bbox 590 1519 692 1573; x_wconf 84' lang='lat' dir='ltr'>talibus</span> <span class='ocrx_word' id='word_1_99' title='bbox 704 1537 792 1574; x_wconf 89' lang='lat' dir='ltr'>anuos</span> 
     </span>
    </p>

    <p class='ocr_par' dir='ltr' id='par_1_16' title="bbox 145 1603 952 1764">
     <span class='ocr_line' id='line_1_16' title="bbox 145 1603 832 1675; baseline 0.007 -20"><span class='ocrx_word' id='word_1_100' title='bbox 145 1603 249 1672; x_wconf 76' lang='lat' dir='ltr'>Erigat</span> <span class='ocrx_word' id='word_1_101' title='bbox 261 1611 290 1657; x_wconf 94' lang='lat' dir='ltr'>et</span> <span class='ocrx_word' id='word_1_102' title='bbox 302 1604 418 1673; x_wconf 87' lang='lat' dir='ltr'>pulchra</span> <span class='ocrx_word' id='word_1_103' title='bbox 431 1605 515 1660; x_wconf 83' lang='lat' dir='ltr'>factat</span> <span class='ocrx_word' id='word_1_104' title='bbox 526 1611 555 1659; x_wconf 92' lang='lat' dir='ltr'>te</span> <span class='ocrx_word' id='word_1_105' title='bbox 567 1606 646 1674; x_wconf 90' lang='lat' dir='ltr'>prole</span> <span class='ocrx_word' id='word_1_106' title='bbox 659 1608 832 1675; x_wconf 85' lang='lat' dir='ltr'>parentem.&#39;&#39;</span> 
     </span>
     <span class='ocr_line' id='line_1_17' title="bbox 183 1690 952 1764; baseline 0.009 -22"><span class='ocrx_word' id='word_1_107' title='bbox 183 1690 289 1744; x_wconf 88' lang='lat' dir='ltr'>Aeolus</span> <span class='ocrx_word' id='word_1_108' title='bbox 300 1691 369 1745; x_wconf 90' lang='lat' dir='ltr'>hacc</span> <span class='ocrx_word' id='word_1_109' title='bbox 382 1699 493 1746; x_wconf 89' lang='lat' dir='ltr'>contra:</span> <span class='ocrx_word' id='word_1_110' title='bbox 517 1694 533 1721; x_wconf 87' lang='lat'>“</span> <span class='ocrx_word' id='word_1_111' title='bbox 542 1693 622 1759; x_wconf 87' lang='lat' dir='ltr'>Tuus,</span> <span class='ocrx_word' id='word_1_112' title='bbox 638 1693 771 1762; x_wconf 82' lang='lat' dir='ltr'>oregiua,</span> <span class='ocrx_word' id='word_1_113' title='bbox 786 1695 850 1762; x_wconf 93' lang='lat' dir='ltr'>quid</span> <span class='ocrx_word' id='word_1_114' title='bbox 865 1703 952 1764; x_wconf 87' lang='lat' dir='ltr'>optes,</span> 
     </span>
    </p>

    <p class='ocr_par' dir='ltr' id='par_1_17' title="bbox 145 1777 852 1849">
     <span class='ocr_line' id='line_1_18' title="bbox 145 1777 852 1849; baseline 0.007 -19"><span class='ocrx_word' id='word_1_115' title='bbox 145 1777 299 1848; x_wconf 79' lang='lat' dir='ltr'>Explorate</span> <span class='ocrx_word' id='word_1_116' title='bbox 312 1779 405 1846; x_wconf 81' lang='lat' dir='ltr'>lcb0r3</span> <span class='ocrx_word' id='word_1_117' title='bbox 426 1780 494 1833; x_wconf 90' lang='lat' dir='ltr'>mihi</span> <span class='ocrx_word' id='word_1_118' title='bbox 507 1780 580 1834; x_wconf 85' lang='lat' dir='ltr'>iussa</span> <span class='ocrx_word' id='word_1_119' title='bbox 592 1797 734 1849; x_wconf 74' lang='lat' dir='ltr'>capessere</span> <span class='ocrx_word' id='word_1_120' title='bbox 747 1782 789 1835; x_wconf 88' lang='lat' dir='ltr'>fas</span> <span class='ocrx_word' id='word_1_121' title='bbox 802 1787 852 1836; x_wconf 90' lang='lat' dir='ltr'>est.</span> 
     </span>
    </p>

    <p class='ocr_par' dir='ltr' id='par_1_18' title="bbox 145 1865 978 1939">
     <span class='ocr_line' id='line_1_19' title="bbox 145 1865 978 1939; baseline 0.008 -22"><span class='ocrx_word' id='word_1_122' title='bbox 145 1865 187 1918; x_wconf 88' lang='lat' dir='ltr'>Tu</span> <span class='ocrx_word' id='word_1_123' title='bbox 200 1865 275 1933; x_wconf 89' lang='lat' dir='ltr'>mihi,</span> <span class='ocrx_word' id='word_1_124' title='bbox 291 1867 482 1937; x_wconf 89' lang='lat' dir='ltr'>quodcumque</span> <span class='ocrx_word' id='word_1_125' title='bbox 494 1867 548 1921; x_wconf 93' lang='lat' dir='ltr'>hoc</span> <span class='ocrx_word' id='word_1_126' title='bbox 560 1869 647 1936; x_wconf 89' lang='lat' dir='ltr'>regni,</span> <span class='ocrx_word' id='word_1_127' title='bbox 661 1873 692 1921; x_wconf 91' lang='lat' dir='ltr'>tu</span> <span class='ocrx_word' id='word_1_128' title='bbox 706 1875 815 1936; x_wconf 90' lang='lat' dir='ltr'>sceptra</span> <span class='ocrx_word' id='word_1_129' title='bbox 827 1869 978 1939; x_wconf 87' lang='lat' dir='ltr'>lovemque</span> 
     </span>
    </p>

    <p class='ocr_par' dir='ltr' id='par_1_19' title="bbox 147 1951 791 2024">
     <span class='ocr_line' id='line_1_20' title="bbox 147 1951 791 2024; baseline 0.005 -18"><span class='ocrx_word' id='word_1_130' title='bbox 147 1951 292 2020; x_wconf 79' lang='lat' dir='ltr'>Ooncilias,</span> <span class='ocrx_word' id='word_1_131' title='bbox 308 1959 338 2006; x_wconf 91' lang='lat' dir='ltr'>tu</span> <span class='ocrx_word' id='word_1_132' title='bbox 352 1953 401 2007; x_wconf 82' lang='lat' dir='ltr'>das</span> <span class='ocrx_word' id='word_1_133' title='bbox 414 1954 501 2023; x_wconf 84' lang='lat' dir='ltr'>epulis</span> <span class='ocrx_word' id='word_1_134' title='bbox 513 1956 675 2009; x_wconf 90' lang='lat' dir='ltr'>accumbere</span> <span class='ocrx_word' id='word_1_135' title='bbox 687 1955 791 2024; x_wconf 83' lang='lat' dir='ltr'>divom,</span> 
     </span>
    </p>

    <p class='ocr_par' dir='ltr' id='par_1_20' title="bbox 146 2038 930 2197">
     <span class='ocr_line' id='line_1_21' title="bbox 146 2038 893 2113; baseline 0.007 -21"><span class='ocrx_word' id='word_1_136' title='bbox 146 2038 368 2110; x_wconf 84' lang='lat' dir='ltr'>Nimborumque</span> <span class='ocrx_word' id='word_1_137' title='bbox 380 2042 447 2096; x_wconf 85' lang='lat' dir='ltr'>facis</span> <span class='ocrx_word' id='word_1_138' title='bbox 458 2046 709 2113; x_wconf 83' lang='lat' dir='ltr'>tempestatumque</span> <span class='ocrx_word' id='word_1_139' title='bbox 721 2044 893 2112; x_wconf 82' lang='lat' dir='ltr'>potentem.&#39;’</span> 
     </span>
     <span class='ocr_line' id='line_1_22' title="bbox 182 2127 930 2197; baseline 0.005 -17"><span class='ocrx_word' id='word_1_140' title='bbox 182 2127 258 2182; x_wconf 88' lang='lat' dir='ltr'>Haec</span> <span class='ocrx_word' id='word_1_141' title='bbox 271 2128 318 2182; x_wconf 88' lang='lat' dir='ltr'>ubi</span> <span class='ocrx_word' id='word_1_142' title='bbox 332 2128 413 2196; x_wconf 78' lang='lat' dir='ltr'>dIcta,</span> <span class='ocrx_word' id='word_1_143' title='bbox 428 2145 524 2182; x_wconf 89' lang='lat' dir='ltr'>cavum</span> <span class='ocrx_word' id='word_1_144' title='bbox 539 2145 671 2183; x_wconf 86' lang='lat' dir='ltr'>conversa</span> <span class='ocrx_word' id='word_1_145' title='bbox 683 2130 795 2197; x_wconf 81' lang='lat' dir='ltr'>cuspide</span> <span class='ocrx_word' id='word_1_146' title='bbox 807 2137 930 2184; x_wconf 89' lang='lat' dir='ltr'>montem</span> 
     </span>
    </p>

    <p class='ocr_par' dir='ltr' id='par_1_21' title="bbox 146 2213 860 2284">
     <span class='ocr_line' id='line_1_23' title="bbox 146 2213 860 2284; baseline 0.006 -17"><span class='ocrx_word' id='word_1_147' title='bbox 146 2213 261 2283; x_wconf 87' lang='lat' dir='ltr'>Impulit</span> <span class='ocrx_word' id='word_1_148' title='bbox 272 2215 302 2268; x_wconf 90' lang='lat' dir='ltr'>in</span> <span class='ocrx_word' id='word_1_149' title='bbox 315 2215 402 2281; x_wconf 80' lang='lat' dir='ltr'>latus3</span> <span class='ocrx_word' id='word_1_150' title='bbox 423 2233 454 2269; x_wconf 87' lang='lat' dir='ltr'>cc</span> <span class='ocrx_word' id='word_1_151' title='bbox 467 2216 551 2284; x_wconf 82' lang='lat' dir='ltr'>veutI,</span> <span class='ocrx_word' id='word_1_152' title='bbox 565 2216 643 2269; x_wconf 88' lang='lat' dir='ltr'>velut</span> <span class='ocrx_word' id='word_1_153' title='bbox 655 2217 764 2284; x_wconf 87' lang='lat' dir='ltr'>agmine</span> <span class='ocrx_word' id='word_1_154' title='bbox 776 2218 860 2284; x_wconf 86' lang='lat' dir='ltr'>facto,</span> 
     </span>
    </p>

    <p class='ocr_par' dir='ltr' id='par_1_22' title="bbox 146 2301 889 2372">
     <span class='ocr_line' id='line_1_24' title="bbox 146 2301 889 2372; baseline 0.005 -17"><span class='ocrx_word' id='word_1_155' title='bbox 146 2301 208 2366; x_wconf 80' lang='lat' dir='ltr'>Quo</span> <span class='ocrx_word' id='word_1_156' title='bbox 221 2301 286 2357; x_wconf 87' lang='lat' dir='ltr'>data</span> <span class='ocrx_word' id='word_1_157' title='bbox 298 2308 387 2371; x_wconf 87' lang='lat' dir='ltr'>porta,</span> <span class='ocrx_word' id='word_1_158' title='bbox 401 2309 487 2357; x_wconf 89' lang='lat' dir='ltr'>ruunt</span> <span class='ocrx_word' id='word_1_159' title='bbox 499 2311 526 2356; x_wconf 88' lang='lat' dir='ltr'>et</span> <span class='ocrx_word' id='word_1_160' title='bbox 539 2308 627 2356; x_wconf 87' lang='lat' dir='ltr'>terres</span> <span class='ocrx_word' id='word_1_161' title='bbox 639 2304 749 2356; x_wconf 90' lang='lat' dir='ltr'>turbine</span> <span class='ocrx_word' id='word_1_162' title='bbox 762 2304 889 2372; x_wconf 83' lang='lat' dir='ltr'>perflent.</span> 
     </span>
    </p>

    <p class='ocr_par' dir='ltr' id='par_1_23' title="bbox 147 2389 775 2460">
     <span class='ocr_line' id='line_1_25' title="bbox 147 2389 775 2460; baseline 0.006 -20"><span class='ocrx_word' id='word_1_163' title='bbox 147 2389 300 2444; x_wconf 87' lang='lat' dir='ltr'>Incubuere</span> <span class='ocrx_word' id='word_1_164' title='bbox 314 2391 390 2456; x_wconf 88' lang='lat' dir='ltr'>mari,</span> <span class='ocrx_word' id='word_1_165' title='bbox 405 2395 549 2460; x_wconf 92' lang='lat' dir='ltr'>totumque</span> <span class='ocrx_word' id='word_1_166' title='bbox 562 2409 578 2444; x_wconf 88' lang='lat' dir='ltr'>a</span> <span class='ocrx_word' id='word_1_167' title='bbox 590 2391 699 2444; x_wconf 89' lang='lat' dir='ltr'>sedibus</span> <span class='ocrx_word' id='word_1_168' title='bbox 711 2391 775 2444; x_wconf 93' lang='lat' dir='ltr'>imis</span> 
     </span>
    </p>

    <p class='ocr_par' dir='ltr' id='par_1_24' title="bbox 147 2477 920 2548">
     <span class='ocr_line' id='line_1_26' title="bbox 147 2477 920 2548; baseline 0.005 -18"><span class='ocrx_word' id='word_1_169' title='bbox 147 2477 208 2532; x_wconf 89' lang='lat' dir='ltr'>Una</span> <span class='ocrx_word' id='word_1_170' title='bbox 220 2478 365 2546; x_wconf 87' lang='lat' dir='ltr'>Eurusque</span> <span class='ocrx_word' id='word_1_171' title='bbox 378 2477 520 2548; x_wconf 86' lang='lat' dir='ltr'>Notusque</span> <span class='ocrx_word' id='word_1_172' title='bbox 533 2483 618 2532; x_wconf 83' lang='lat' dir='ltr'>ruunt</span> <span class='ocrx_word' id='word_1_173' title='bbox 630 2480 780 2547; x_wconf 86' lang='lat' dir='ltr'>creberque</span> <span class='ocrx_word' id='word_1_174' title='bbox 792 2480 920 2548; x_wconf 86' lang='lat' dir='ltr'>procellis</span> 
     </span>
    </p>

    <p class='ocr_par' dir='ltr' id='par_1_25' title="bbox 145 2566 805 2630">
     <span class='ocr_line' id='line_1_27' title="bbox 145 2566 805 2630; baseline 0.003 -12"><span class='ocrx_word' id='word_1_175' title='bbox 145 2566 267 2630; x_wconf 82' lang='lat' dir='ltr'>Africus,</span> <span class='ocrx_word' id='word_1_176' title='bbox 282 2570 310 2619; x_wconf 89' lang='lat' dir='ltr'>et</span> <span class='ocrx_word' id='word_1_177' title='bbox 323 2571 416 2619; x_wconf 81' lang='lat' dir='ltr'>vastos</span> <span class='ocrx_word' id='word_1_178' title='bbox 430 2567 545 2619; x_wconf 91' lang='lat' dir='ltr'>volvunt</span> <span class='ocrx_word' id='word_1_179' title='bbox 557 2566 592 2620; x_wconf 89' lang='lat' dir='ltr'>ad</span> <span class='ocrx_word' id='word_1_180' title='bbox 604 2566 687 2620; x_wconf 82' lang='lat' dir='ltr'>Iltora</span> <span class='ocrx_word' id='word_1_181' title='bbox 698 2566 805 2620; x_wconf 89' lang='lat' dir='ltr'>fluctus.</span> 
     </span>
    </p>

    <p class='ocr_par' dir='ltr' id='par_1_26' title="bbox 145 2651 917 2722">
     <span class='ocr_line' id='line_1_28' title="bbox 145 2651 917 2722; baseline 0.006 -19"><span class='ocrx_word' id='word_1_182' title='bbox 145 2651 305 2721; x_wconf 81' lang='lat' dir='ltr'>Insequitur</span> <span class='ocrx_word' id='word_1_183' title='bbox 317 2652 474 2720; x_wconf 87' lang='lat' dir='ltr'>clamorque</span> <span class='ocrx_word' id='word_1_184' title='bbox 487 2653 578 2705; x_wconf 89' lang='lat' dir='ltr'>virum</span> <span class='ocrx_word' id='word_1_185' title='bbox 592 2652 748 2722; x_wconf 89' lang='lat' dir='ltr'>stridorque</span> <span class='ocrx_word' id='word_1_186' title='bbox 761 2652 917 2708; x_wconf 85' lang='lat' dir='ltr'>rudentum.</span> 
     </span>
    </p>

    <p class='ocr_par' dir='ltr' id='par_1_27' title="bbox 145 2739 794 2809">
     <span class='ocr_line' id='line_1_29' title="bbox 145 2739 794 2809; baseline 0.002 -17"><span class='ocrx_word' id='word_1_187' title='bbox 145 2739 277 2809; x_wconf 87' lang='lat' dir='ltr'>Eripiunt</span> <span class='ocrx_word' id='word_1_188' title='bbox 289 2740 381 2793; x_wconf 89' lang='lat' dir='ltr'>subito</span> <span class='ocrx_word' id='word_1_189' title='bbox 393 2740 481 2807; x_wconf 89' lang='lat' dir='ltr'>nubes</span> <span class='ocrx_word' id='word_1_190' title='bbox 494 2739 653 2808; x_wconf 85' lang='lat' dir='ltr'>caelumque</span> <span class='ocrx_word' id='word_1_191' title='bbox 666 2740 794 2808; x_wconf 87' lang='lat' dir='ltr'>diemque</span> 
     </span>
    </p>

    <p class='ocr_par' dir='ltr' id='par_1_28' title="bbox 145 2826 857 2894">
     <span class='ocr_line' id='line_1_30' title="bbox 145 2826 857 2894; baseline 0 -13"><span class='ocrx_word' id='word_1_192' title='bbox 145 2827 314 2881; x_wconf 89' lang='lat' dir='ltr'>Teucrorum</span> <span class='ocrx_word' id='word_1_193' title='bbox 327 2843 361 2880; x_wconf 81' lang='lat' dir='ltr'>ex</span> <span class='ocrx_word' id='word_1_194' title='bbox 375 2826 476 2894; x_wconf 82' lang='lat' dir='ltr'>oculis3</span> <span class='ocrx_word' id='word_1_195' title='bbox 497 2832 583 2894; x_wconf 89' lang='lat' dir='ltr'>ponto</span> <span class='ocrx_word' id='word_1_196' title='bbox 595 2843 651 2880; x_wconf 85' lang='lat' dir='ltr'>nox</span> <span class='ocrx_word' id='word_1_197' title='bbox 664 2827 777 2880; x_wconf 86' lang='lat' dir='ltr'>incubat</span> <span class='ocrx_word' id='word_1_198' title='bbox 789 2832 857 2882; x_wconf 84' lang='lat' dir='ltr'>atra.</span> 
     </span>
    </p>

    <p class='ocr_par' dir='ltr' id='par_1_29' title="bbox 145 2914 868 2983">
     <span class='ocr_line' id='line_1_31' title="bbox 145 2914 868 2983; baseline 0.001 -16"><span class='ocrx_word' id='word_1_199' title='bbox 145 2914 296 2968; x_wconf 88' lang='lat' dir='ltr'>Intonuere</span> <span class='ocrx_word' id='word_1_200' title='bbox 309 2914 373 2983; x_wconf 92' lang='lat' dir='ltr'>poli,</span> <span class='ocrx_word' id='word_1_201' title='bbox 388 2918 416 2966; x_wconf 89' lang='lat' dir='ltr'>et</span> <span class='ocrx_word' id='word_1_202' title='bbox 428 2914 532 2968; x_wconf 90' lang='lat' dir='ltr'>crebris</span> <span class='ocrx_word' id='word_1_203' title='bbox 544 2915 629 2968; x_wconf 86' lang='lat' dir='ltr'>micat</span> <span class='ocrx_word' id='word_1_204' title='bbox 642 2914 751 2982; x_wconf 83' lang='lat' dir='ltr'>ignibus</span> <span class='ocrx_word' id='word_1_205' title='bbox 764 2914 868 2979; x_wconf 79' lang='lat' dir='ltr'>aether,</span> 
     </span>
    </p>

    <p class='ocr_par' dir='ltr' id='par_1_30' title="bbox 144 3000 854 3070">
     <span class='ocr_line' id='line_1_32' title="bbox 144 3000 854 3070; baseline 0.003 -16"><span class='ocrx_word' id='word_1_206' title='bbox 144 3000 377 3070; x_wconf 86' lang='lat' dir='ltr'>Praesentemque</span> <span class='ocrx_word' id='word_1_207' title='bbox 390 3001 457 3054; x_wconf 84' lang='lat' dir='ltr'>viris</span> <span class='ocrx_word' id='word_1_208' title='bbox 467 3002 609 3055; x_wconf 88' lang='lat' dir='ltr'>intentant</span> <span class='ocrx_word' id='word_1_209' title='bbox 622 3002 715 3056; x_wconf 89' lang='lat' dir='ltr'>omnia</span> <span class='ocrx_word' id='word_1_210' title='bbox 729 3007 854 3056; x_wconf 89' lang='lat' dir='ltr'>mortem.</span> 
     </span>
    </p>

    <p class='ocr_par' dir='ltr' id='par_1_31' title="bbox 143 3087 844 3158">
     <span class='ocr_line' id='line_1_33' title="bbox 143 3087 844 3158; baseline 0.003 -18"><span class='ocrx_word' id='word_1_211' title='bbox 143 3087 293 3158; x_wconf 81' lang='lat' dir='ltr'>Extemplo</span> <span class='ocrx_word' id='word_1_212' title='bbox 306 3089 418 3142; x_wconf 78' lang='lat' dir='ltr'>Aeneae</span> <span class='ocrx_word' id='word_1_213' title='bbox 431 3089 577 3142; x_wconf 90' lang='lat' dir='ltr'>solvuntur</span> <span class='ocrx_word' id='word_1_214' title='bbox 590 3089 691 3156; x_wconf 85' lang='lat' dir='ltr'>frigore</span> <span class='ocrx_word' id='word_1_215' title='bbox 704 3089 844 3154; x_wconf 84' lang='lat' dir='ltr'>membra;</span> 
     </span>
    </p>

    <p class='ocr_par' dir='ltr' id='par_1_32' title="bbox 144 3174 840 3244">
     <span class='ocr_line' id='line_1_34' title="bbox 144 3174 840 3244; baseline 0.004 -17"><span class='ocrx_word' id='word_1_216' title='bbox 144 3174 272 3244; x_wconf 84' lang='lat' dir='ltr'>Ingemit,</span> <span class='ocrx_word' id='word_1_217' title='bbox 288 3180 317 3228; x_wconf 92' lang='lat' dir='ltr'>et</span> <span class='ocrx_word' id='word_1_218' title='bbox 329 3175 447 3244; x_wconf 89' lang='lat' dir='ltr'>duplicis</span> <span class='ocrx_word' id='word_1_219' title='bbox 458 3175 573 3230; x_wconf 85' lang='lat' dir='ltr'>tendens</span> <span class='ocrx_word' id='word_1_220' title='bbox 586 3176 619 3229; x_wconf 90' lang='lat' dir='ltr'>ad</span> <span class='ocrx_word' id='word_1_221' title='bbox 633 3175 724 3229; x_wconf 89' lang='lat' dir='ltr'>sidera</span> <span class='ocrx_word' id='word_1_222' title='bbox 734 3176 840 3244; x_wconf 86' lang='lat' dir='ltr'>palmas</span> 
     </span>
    </p>

    <p class='ocr_par' dir='ltr' id='par_1_33' title="bbox 143 3261 853 3331">
     <span class='ocr_line' id='line_1_35' title="bbox 143 3261 853 3331; baseline 0.004 -17"><span class='ocrx_word' id='word_1_223' title='bbox 143 3261 218 3316; x_wconf 83' lang='lat' dir='ltr'>Talia</span> <span class='ocrx_word' id='word_1_224' title='bbox 231 3279 301 3316; x_wconf 87' lang='lat' dir='ltr'>voce</span> <span class='ocrx_word' id='word_1_225' title='bbox 314 3262 412 3316; x_wconf 85' lang='lat' dir='ltr'>refert:</span> <span class='ocrx_word' id='word_1_226' title='bbox 435 3261 485 3316; x_wconf 90' lang='lat' dir='ltr'>“O</span> <span class='ocrx_word' id='word_1_227' title='bbox 499 3268 595 3331; x_wconf 87' lang='lat' dir='ltr'>terque</span> <span class='ocrx_word' id='word_1_228' title='bbox 608 3269 758 3331; x_wconf 86' lang='lat' dir='ltr'>quaterque</span> <span class='ocrx_word' id='word_1_229' title='bbox 772 3263 853 3330; x_wconf 82' lang='lat' dir='ltr'>beati,</span> 
     </span>
    </p>

    <p class='ocr_par' dir='ltr' id='par_1_34' title="bbox 143 3347 881 3418">
     <span class='ocr_line' id='line_1_36' title="bbox 143 3347 881 3418; baseline 0.001 -16"><span class='ocrx_word' id='word_1_230' title='bbox 143 3348 210 3414; x_wconf 83' lang='lat' dir='ltr'>Quis</span> <span class='ocrx_word' id='word_1_231' title='bbox 223 3355 290 3404; x_wconf 86' lang='lat' dir='ltr'>ante</span> <span class='ocrx_word' id='word_1_232' title='bbox 303 3366 351 3402; x_wconf 85' lang='lat' dir='ltr'>ora</span> <span class='ocrx_word' id='word_1_233' title='bbox 364 3355 473 3418; x_wconf 87' lang='lat' dir='ltr'>patrum</span> <span class='ocrx_word' id='word_1_234' title='bbox 487 3347 583 3404; x_wconf 87' lang='lat' dir='ltr'>Troiae</span> <span class='ocrx_word' id='word_1_235' title='bbox 596 3349 646 3402; x_wconf 87' lang='lat' dir='ltr'>sub</span> <span class='ocrx_word' id='word_1_236' title='bbox 659 3348 804 3402; x_wconf 86' lang='lat' dir='ltr'>moenibus</span> <span class='ocrx_word' id='word_1_237' title='bbox 816 3349 881 3403; x_wconf 87' lang='lat' dir='ltr'>altis</span> 
     </span>
    </p>

    <p class='ocr_par' dir='ltr' id='par_1_35' title="bbox 143 3435 870 3506">
     <span class='ocr_line' id='line_1_37' title="bbox 143 3435 870 3506; baseline 0 -16"><span class='ocrx_word' id='word_1_238' title='bbox 143 3435 269 3506; x_wconf 76' lang='lat' dir='ltr'>Contigit</span> <span class='ocrx_word' id='word_1_239' title='bbox 281 3437 429 3506; x_wconf 87' lang='lat' dir='ltr'>oppetere!</span> <span class='ocrx_word' id='word_1_240' title='bbox 452 3435 605 3490; x_wconf 89' lang='lat' dir='ltr'>oDcnaum</span> <span class='ocrx_word' id='word_1_241' title='bbox 619 3437 766 3490; x_wconf 78' lang='lat' dir='ltr'>fortissImc</span> <span class='ocrx_word' id='word_1_242' title='bbox 779 3437 870 3504; x_wconf 85' lang='lat' dir='ltr'>gentis</span> 
     </span>
    </p>

    <p class='ocr_par' dir='ltr' id='par_1_36' title="bbox 142 3521 760 3592">
     <span class='ocr_line' id='line_1_38' title="bbox 142 3521 760 3592; baseline 0 -16"><span class='ocrx_word' id='word_1_243' title='bbox 142 3523 261 3591; x_wconf 84' lang='lat' dir='ltr'>Tydidel</span> <span class='ocrx_word' id='word_1_244' title='bbox 282 3540 365 3578; x_wconf 90' lang='lat' dir='ltr'>mene</span> <span class='ocrx_word' id='word_1_245' title='bbox 378 3521 469 3578; x_wconf 79' lang='lat' dir='ltr'>Illacis</span> <span class='ocrx_word' id='word_1_246' title='bbox 482 3525 644 3577; x_wconf 86' lang='lat' dir='ltr'>occumbere</span> <span class='ocrx_word' id='word_1_247' title='bbox 656 3523 760 3592; x_wconf 89' lang='lat' dir='ltr'>campis</span> 
     </span>
    </p>
   </div>
   <div class='ocr_carea' id='block_1_3' title="bbox 0 0 1370 3936">
    <p class='ocr_par' dir='ltr' id='par_1_37' title="bbox 0 0 1370 3936">
     <span class='ocr_line' id='line_1_39' title="bbox 0 0 1370 3936; baseline 0 0"><span class='ocrx_word' id='word_1_248' title='bbox 0 0 1370 3936; x_wconf 95' lang='lat' dir='ltr'> </span> 
     </span>
    </p>
   </div>
  </div>
 </body>
</html>
