2730 3936
496 201 635 250 VERGILI
658 200 846 250 GEORGICON
868 200 914 248 111.

194 363 259 417 Tam
273 363 360 416 multa
372 363 505 416 informes
517 362 573 415 ursi
586 368 758 431 stragemque
771 361 871 414 dedere

193 450 248 504 Per
260 450 356 517 silvas3
377 455 436 503 tum
450 466 547 503 suevus
559 466 633 518 aper,
648 455 706 503 tum
719 449 838 518 pessime
850 448 943 516 tigris:

193 537 263 603 Heu,
278 537 349 590 male
362 543 421 590 tum
434 537 536 604 Libyae
549 537 615 590 solis
627 542 736 591 erratur
748 537 778 590 in
791 536 872 604 agris.

193 624 293 678 Nonne
305 624 391 688 vides,
401 629 434 677 ut
446 629 507 677 tota
519 629 625 677 tremor
638 628 809 692 pertemptet
821 639 955 691 equorum

193 711 326 780 Corpora,
341 711 484 764 sitantum
496 716 578 764 notus
591 710 660 764 odor
673 710 767 764 attulit
779 709 876 763 auras?

192 797 236 850 Ae
249 815 337 866 neque
350 814 398 851 eoa
410 798 465 851 iam
478 797 557 850 frena
570 798 668 865 virum,
682 813 772 865 neque
787 797 902 850 verbera
915 812 1004 863 saeva,

192 882 220 937 N
222 901 258 936 on
271 884 376 953 scopuli
390 900 525 952 rupesque
538 900 620 938 cavae
632 889 715 951 atque
728 883 836 937 obiecta
848 883 989 936 retardant

192 971 320 1026 Flumina
341 977 537 1040 correptosque
549 971 625 1025 unda
637 972 796 1039 torquentia
807 971 917 1024 montis.

192 1057 255 1126 Ipse
268 1060 323 1112 ruit
336 1060 487 1127 dentesque
499 1058 649 1112 Sabellicus
662 1059 771 1112 exacuit
784 1076 837 1127 sus,

192 1145 230 1199 Et
241 1147 316 1214 pede
322 1147 477 1216 prosubigit
489 1152 600 1213 terram,
615 1145 697 1198 fricat
710 1147 808 1199 arbore
821 1152 919 1212 costas,

192 1233 286 1301 Atque
295 1234 360 1287 hino
373 1239 455 1302 atque
467 1233 543 1287 illinc
556 1249 666 1286 umeros
678 1232 712 1286 ed
726 1233 839 1310 volnera
851 1233 940 1287 durat.

193 1321 265 1386 Quid
277 1321 392 1389 invenie,
405 1338 535 1389 magnum
547 1321 591 1374 cui
603 1325 695 1374 versat
707 1321 735 1372 in
749 1321 854 1374 ossibus
867 1321 958 1388 iguem

192 1408 285 1460 Durus
298 1407 391 1460 amori
429 1407 536 1476 Nempe
549 1408 673 1476 abruptis
685 1408 796 1461 turbata
808 1407 935 1475 procellis

192 1494 283 1548 Nocte
296 1499 374 1548 natat
386 1510 468 1548 caeca
480 1511 556 1548 serus
568 1495 654 1562 freta3
675 1511 757 1564 quem
769 1511 851 1562 super
863 1495 961 1561 ingens

103 1570 107 1577 ¹
192 1582 278 1636 Porta
289 1587 369 1635 tonat
381 1581 456 1648 caeli,
472 1587 499 1634 et
512 1583 631 1651 scopulis
641 1582 723 1635 inlisa
734 1581 886 1634 reclamant

194 1671 336 1738 Aequora3
355 1685 408 1722 nee
420 1669 513 1722 miseri
525 1675 641 1738 possunt
653 1685 784 1722 revocare
797 1674 933 1736 parentes,

193 1757 252 1810 Neo
264 1757 400 1810 moritura
412 1773 493 1825 super
506 1757 610 1810 crudeli
623 1757 720 1810 funere
733 1757 820 1824 virgo.

193 1844 265 1909 Quid
277 1844 373 1910 lynces
384 1842 487 1897 Bacchi
500 1844 592 1898 variae
605 1849 633 1897 et
645 1860 732 1912 genus
744 1860 806 1896 acre
818 1843 946 1912 luporum

192 1931 286 1998 Atque
298 1931 415 1984 canumi
435 1931 507 1999 quid,
522 1948 590 2000 quae
603 1931 727 1984 imbelles
740 1931 808 1984 dent
820 1932 925 1999 proelia
937 1931 1027 1986 cervii

192 2017 302 2071 Scilicet
315 2023 379 2071 ante
392 2019 482 2071 omnis
494 2019 574 2071 furor
587 2023 628 2071 est
640 2017 755 2085 insignis
768 2035 916 2086 equarum;

191 2105 228 2157 Et
240 2110 362 2158 mentem
376 2105 473 2158 Venus
484 2106 544 2173 ipsa
556 2105 639 2172 dedit,
654 2122 708 2172 quo
721 2110 847 2174 tempore
861 2105 957 2158 Glauci

192 2191 341 2246 Potniades
353 2192 433 2246 malis
445 2193 570 2246 membra
581 2192 757 2261 absumpsere
769 2193 925 2261 quadrigae.

192 2279 255 2333 Illas
268 2279 344 2333 ducit
356 2296 433 2332 amor
444 2285 523 2333 trans
534 2279 658 2348 Gargara
670 2285 801 2348 transque
813 2276 958 2334 sonantem

192 2365 358 2432 Ascanium3
379 2373 511 2434 superant
524 2367 626 2421 montis
639 2373 667 2420 et
679 2367 793 2420 flumina
805 2373 926 2420 tranant.

192 2453 385 2521 Continuoque
398 2452 485 2506 avidis
498 2454 545 2507 ubi
558 2455 668 2508 subdita
679 2454 790 2509 flamma
802 2454 964 2508 medullis-

191 2540 266 2593 Vere
276 2539 370 2608 magis,
385 2539 526 2608 quievere
539 2540 614 2594 calor
626 2542 698 2595 redit
711 2540 916 2594 ossibus—illae

191 2625 247 2680 Ore
260 2644 355 2680 omnes
367 2643 463 2680 versae
475 2627 505 2680 in
517 2627 673 2697 Zephyrum
687 2633 763 2682 stant
774 2628 889 2696 rupibus
903 2627 973 2696 altis,

190 2712 401 2782 Exceptantque
413 2715 482 2767 levis
495 2731 582 2784 aurae,
597 2721 626 2768 et
638 2732 720 2784 saepe
732 2715 792 2769 sine
805 2714 867 2768 ullis

192 2799 334 2867 Coniugiis
347 2805 430 2853 vento
443 2801 734 2868 gravidae—mirabile
747 2801 859 2856 dictu-

191 2886 264 2941 Saxa
275 2903 325 2955 per
338 2892 366 2940 et
379 2887 506 2955 scopulos
518 2896 546 2941 et
558 2887 701 2956 depressas
714 2889 847 2942 convallis

190 2974 448 3042 Diffugiunt-non,
463 2973 543 3041 Eure,
557 2983 628 3041 tuos,
641 2991 732 3043 neque
745 2975 817 3028 Solis
830 2975 864 3028 ad
878 2979 970 3040 ortus;

190 3060 224 3114 In
236 3061 345 3114 Borean
359 3061 539 3128 (laurumque,
554 3065 602 3114 aut
613 3061 687 3114 unde
700 3062 865 3129 nigerrimus
878 3062 981 3115 Auster

191 3147 323 3202 Nascitur
335 3153 363 3200 et
375 3145 469 3215 pluvio
482 3149 627 3200 contristat
639 3148 741 3213 frigore
753 3149 867 3202 caelum.

191 3235 244 3289 Hie
256 3235 375 3299 demum,
391 3233 572 3302 hippomanes
585 3251 651 3288 vero
665 3234 738 3302 quod
751 3236 862 3288 nomine
874 3235 970 3288 dieunt

191 3322 326 3383 Pastores,
342 3320 446 3374 lentum
461 3321 582 3375 destillat
595 3323 629 3375 ab
641 3323 754 3388 inguine
768 3323 850 3389 virus,

191 3408 387 3477 Hippomanes,
404 3406 476 3475 quod
489 3425 569 3476 saepe
582 3410 669 3462 malae
682 3409 772 3476 legere
784 3424 927 3475 novercae,

192 3493 415 3561 Miscueruntque
428 3493 528 3546 herbas
541 3499 569 3546 et
581 3511 638 3547 non
650 3495 762 3546 innoxia
775 3495 868 3548 verba.
