2656 3940
401 227 539 276 venditi
561 227 725 276 annmnos
748 226 805 275 VII.

106 389 199 458 Litora,
214 389 324 460 pinguis
338 389 386 442 nbi
398 394 426 442 et
439 389 581 458 placabilis
593 405 641 443 ara
653 388 767 443 Dianae.

106 476 224 546 Namque
235 479 332 530 ferunt
343 477 418 530 fama
431 475 620 544 Hippolytum,
634 481 781 544 postquam
794 481 854 536 arte
866 489 1001 528 novercae
1063 473 1113 530 tec

107 564 237 618 Occiderit
248 565 407 633 patriasque
420 563 536 631 explerit
550 564 682 631 sanguine
694 579 796 631 poenas

107 651 226 705 Turbatis
238 652 387 704 distractus
401 651 484 719 equiS,
501 650 535 704 ad
549 651 639 704 sidera
651 667 746 704 rursus

106 739 230 792 Aetheria
242 748 271 791 et
284 754 396 806 superas
408 737 477 791 caeli
489 738 598 790 venisse
610 737 660 790 sub
674 753 762 804 auras,

106 825 224 878 Paeoniis
237 831 398 878 revocatum
412 824 506 878 herbis
519 833 548 878 et
561 841 655 878 amore
668 825 782 879 Dianae.

105 913 166 966 Tum
179 912 263 967 Pater
276 913 458 980 omnipotens,
471 912 588 982 aliquem
601 912 758 981 indignatus
771 912 805 966 ab
818 912 922 966 umbris

105 999 242 1052 Mortalem
257 999 375 1053 infernis
388 999 422 1053 ad
435 999 540 1053 lumina
553 1017 664 1068 surgere
678 1001 759 1069 vitae,

106 1087 161 1156 lpse
173 1095 343 1157 repertorem
359 1087 513 1142 medicinae
528 1087 590 1141 talis
604 1094 631 1140 et
644 1089 711 1141 artis

104 1173 221 1228 Fulmine
235 1175 442 1243 Phoebigenam
457 1174 565 1242 Stygias
578 1175 695 1228 detrusit
708 1175 743 1229 ad
755 1175 851 1230 undas.

105 1262 140 1314 At
151 1261 243 1316 Trivia
257 1262 439 1330 Hippolytum
453 1262 566 1315 secretis
578 1261 649 1316 alma
662 1263 787 1316 recondit

104 1349 221 1420 Sedibus,
236 1357 265 1405 et
277 1350 416 1419 nymphae
428 1350 544 1418 Egeriae
555 1351 716 1418 nemorique
728 1349 841 1420 relegat,

105 1434 178 1488 Solus
189 1438 237 1490 ubi
251 1438 282 1490 in
295 1436 372 1490 silvis
384 1436 460 1490 Italis
472 1437 601 1504 ignobilis
613 1453 710 1490 aevum

103 1523 234 1592 Exigeret,
251 1542 386 1594 versoque
399 1526 444 1579 ubi
458 1525 568 1580 nomine
583 1525 697 1579 Virbius
710 1531 790 1579 esset.

107 1610 177 1666 Unde
189 1614 274 1666 etiarn
287 1613 392 1681 templo
405 1612 512 1667 Triviae
524 1613 646 1682 lucisque
657 1612 770 1667 sacratis

104 1697 270 1769 Oomipedes
283 1705 413 1754 arcentur
426 1701 496 1768 equi,
511 1701 582 1769 quod
596 1700 677 1754 litore
690 1718 800 1754 currum

103 1784 137 1838 Et
148 1787 275 1842 invenem
289 1788 420 1841 monstris
430 1788 524 1857 pavidi
536 1789 657 1842 effudere
669 1789 791 1844 marinis.

103 1876 182 1934 Filius
195 1879 321 1935 ardentis
333 1880 406 1934 haud
420 1882 504 1936 setius
517 1899 636 1952 aequore
648 1881 737 1951 campi

104 1966 252 2024 Exercebat
266 1986 353 2038 equos
366 1986 502 2039 curruque
514 1971 543 2023 in
555 1971 629 2024 bella
639 1971 745 2024 ruebat.

135 2056 194 2125 Ipse
206 2057 283 2111 inter
296 2057 401 2125 primos
413 2058 564 2124 praestanti
576 2074 692 2126 corpore
705 2057 813 2110 Turnus

103 2141 227 2197 Vertitur
241 2160 321 2198 arma
333 2147 438 2209 tenens,
454 2150 482 2196 et
494 2149 556 2198 toto
569 2149 673 2203 vertice
685 2167 769 2219 supra
781 2152 830 2202 est.

105 2231 150 2287 (lui
162 2236 265 2306 triplici
279 2236 382 2290 crinita
394 2237 458 2292 iuba
471 2237 549 2306 galea
562 2238 617 2292 alta
630 2239 806 2292 Chimaeram

104 2319 230 2390 Sustinet,
245 2323 389 2376 Aetnaeos
403 2323 540 2377 efflantem
554 2325 680 2378 faucibus
689 2325 813 2392 ignis:-

104 2404 163 2460 Tam
172 2409 262 2478 magis
276 2410 323 2463 illa
336 2410 455 2464 fremens
468 2416 497 2464 et
511 2412 635 2465 tristibus
648 2412 733 2465 effera
744 2411 870 2478 flammis,

104 2493 186 2558 Quam
200 2497 291 2566 magis
305 2497 391 2550 effuso
404 2498 569 2552 crudescunt
582 2499 713 2566 sanguine
725 2513 842 2566 pugnae.

104 2580 140 2634 At
150 2583 240 2638 levem
255 2584 375 2653 clipeum
390 2585 504 2638 sublatis
518 2587 646 2640 comibus
657 2585 690 2638 Io
776 2579 779 2587 ยน

103 2669 176 2724 Auro
188 2671 350 2740 insignibat,
364 2672 418 2724 iam
433 2673 516 2725 saetis
529 2673 626 2739 obsita,
637 2673 693 2726 iam
706 2674 765 2741 bos,

103 2756 305 2825 Argumentum
318 2759 422 2824 ingens,
438 2765 465 2812 et
478 2766 570 2813 custos
583 2761 697 2827 virginis
707 2762 806 2829 Argus,

103 2843 265 2916 Caelataque
279 2863 388 2900 amnem
401 2847 522 2924 fundens
534 2854 612 2916 peter
624 2848 744 2902 Inachus
755 2865 833 2903 urna.

103 2928 256 3001 Insequitur
270 2934 381 2987 nimbus
394 2934 526 3002 peditum,
541 2936 711 3004 clipeataque
723 2936 790 2989 totis

105 3017 218 3087 Agmina
230 3021 385 3074 densentur
398 3022 509 3090 campis,
524 3023 684 3092 Argivaque
695 3023 783 3092 pubes

103 3105 303 3177 Auruncaeque
316 3125 421 3174 manus,
437 3109 532 3162 Rutuli
547 3115 707 3179 veteresque
720 3109 811 3164 Sicani

103 3188 136 3245 Et
147 3192 285 3248 Sacranae
298 3196 372 3249 acies
384 3201 412 3248 et
424 3196 492 3264 picti
507 3203 585 3250 scuta
599 3196 707 3264 Labici3

103 3278 152 3344 Qui
165 3281 260 3348 saltus,
276 3280 414 3344 Tiberine,
429 3288 499 3344 tuos,
515 3301 678 3352 sacrumque
690 3283 802 3338 Numici

103 3364 175 3420 Litus
187 3374 278 3436 arant,
295 3369 468 3438 Rutulosque
480 3376 613 3424 exercent
626 3388 738 3425 vomere
750 3372 835 3436 collis,

103 3453 302 3524 Circaeumque
313 3456 416 3523 iugum,
432 3457 492 3524 quis
505 3457 630 3525 Iuppiter
644 3458 776 3511 Anxurus
789 3459 861 3512 arvis

103 3538 248 3611 Praesidet,
265 3548 295 3596 et
307 3543 388 3596 viridi
401 3543 524 3611 gaudens
537 3543 656 3597 Feronia
668 3544 747 3613 luco,
