2656 3940
499 239 637 290 vssse1n1
660 237 826 288 ADNMDOS
855 237 899 288 Xl.

192 402 248 459 Nee
261 419 376 458 numero
388 421 441 458 nec
453 405 560 458 honore
573 407 712 470 cremant,
733 409 799 456 tunc
812 400 934 470 undique
950 399 1020 454 vasti

189 490 323 544 Certatim
337 491 440 545 crebris
453 491 601 544 conlucent
612 491 723 558 ignibus
734 489 800 557 agri.

189 577 282 631 Tertia
294 577 341 629 lux
355 577 472 644 gelidam
485 578 562 631 caelo
574 577 730 630 dimoverat
744 575 882 628 umbram:

189 665 344 719 Maerentes
357 665 443 718 altum
457 665 575 718 cinerem
590 670 618 718 et
631 653 748 718 confusa
761 663 879 716 ruebant

189 753 258 806 Ossa
270 753 345 819 focis,
360 752 508 821 tepidoque
522 752 674 806 onerabant
688 767 785 819 aggere
799 755 897 803 terrae.

189 841 247 894 lam
262 858 327 894 vero
340 841 368 893 in
381 841 469 908 tectis,
485 839 646 908 praedivitis
660 840 728 892 urbe
742 837 841 904 Latini,

189 928 357 996 Praecipuus
369 929 462 996 fragor
474 935 503 980 et
515 927 589 995 longi
605 942 669 994 pars
682 925 802 979 maxima
814 925 914 978 luctus.

188 1016 241 1069 Hic
254 1025 356 1070 matres
369 1017 537 1084 miseraeque
549 1031 643 1081 nurus,
659 1013 704 1066 hie
718 1029 782 1066 cara
794 1029 919 1066 sororum

188 1104 306 1158 Pectora
317 1110 497 1172 maerentum,
511 1102 643 1171 puerique
659 1100 819 1169 parentibus
833 1100 903 1167 orbi,

187 1191 285 1244 Dirum
298 1197 475 1245 exsecrantur
489 1190 591 1244 bellum
604 1189 742 1256 Turnique
755 1187 940 1254 hymenaeos3

187 1277 280 1345 Ipsum
294 1277 384 1342 armis,
399 1277 543 1345 ipsumque
555 1275 652 1328 iubent
665 1273 814 1326 decernere
826 1273 910 1340 forro,

188 1363 241 1428 Qui
253 1381 370 1433 regnum
383 1363 477 1416 ltaliae
490 1369 519 1416 et
530 1363 635 1431 primos
646 1361 698 1414 sibi
710 1365 808 1429 poscat
820 1359 948 1412 honores.

187 1451 318 1518 Ingravat
330 1452 396 1505 haec
409 1467 506 1504 saevus
519 1450 649 1516 Drances,
664 1448 807 1515 solumque
823 1447 914 1500 vocari

187 1537 321 1600 Testatur,
336 1538 424 1590 solum
438 1539 513 1605 posci
526 1539 555 1590 iu
569 1537 720 1590 certamina
735 1535 867 1588 Turnum.

188 1624 274 1678 Multa
287 1626 367 1678 simul
381 1632 478 1679 eontra
490 1627 574 1678 variis
585 1626 722 1679 sententio
736 1623 818 1677 dictis

187 1712 242 1764 Pro
255 1713 355 1773 Turno,
370 1721 398 1766 et
411 1729 541 1782 magnum
554 1713 666 1780 reginae
679 1727 780 1765 nomen
795 1710 957 1775 obumbrat;

188 1799 274 1853 Multa
288 1801 376 1853 virum
388 1801 493 1854 meritis
505 1806 643 1854 sustentat
654 1801 730 1853 fama
743 1798 872 1866 tropaeis.

188 1871 216 1964 s
223 1887 281 1941 Hos
293 1888 367 1941 inter
379 1895 478 1956 motus,
492 1888 584 1942 medio
596 1889 625 1941 in
638 1888 772 1956 flagrante
785 1887 914 1951 tumultu,

187 1976 258 2030 Ecce
271 1993 353 2044 super
366 1977 462 2030 maesti
475 1992 576 2044 magna
588 1976 730 2029 Diomedis
742 1976 778 2029 ab
791 1976 859 2028 urbe

187 2062 282 2129 Legati
295 2079 426 2132 responsa
438 2064 545 2117 ferunt:
567 2063 634 2115 nihil
649 2063 778 2116 omnibus
790 2070 880 2117 ectum

187 2150 338 2204 Tantorum
351 2151 482 2220 impensis
493 2167 608 2218 operum
620 2169 626 2215 ;
647 2150 686 2203 nil
699 2150 773 2204 dona
784 2167 873 2219 neque
885 2167 982 2205 aurum

188 2237 246 2291 Nee
259 2255 373 2307 magnas
385 2238 502 2292 valuisse
515 2254 626 2306 preces;
647 2238 701 2292 alia
713 2254 789 2292 arma
804 2238 909 2292 Latinis

188 2325 358 2393 Quaerenda,
374 2335 422 2380 aut
433 2315 530 2394 pacem
543 2325 662 2379 Troiano
674 2325 708 2379 ab
720 2341 786 2394 rege
800 2326 958 2394 petendum.

187 2411 289 2465 Deficit
301 2413 407 2479 ingenti
420 2413 495 2466 luctu
509 2429 556 2464 rex
569 2413 629 2481 ipse
640 2412 763 2466 Latinus.

187 2498 309 2552 Fatalem
324 2500 439 2553 Aenean
452 2500 598 2554 manifesto
610 2500 723 2553 numine
736 2501 801 2553 ferri

188 2584 330 2638 Admonet
342 2587 383 2640 ire
396 2586 477 2639 deum
490 2587 644 2655 tumulique
657 2592 721 2640 ente
734 2603 783 2640 ora
795 2594 929 2642 recent-es.

188 2671 261 2739 Ergo
275 2673 419 2725 concilium
433 2690 563 2741 magnum
577 2673 735 2742 primosque
749 2690 860 2727 sucrum

188 2759 310 2826 Imperio
322 2760 425 2814 accitos
437 2759 494 2814 alta
506 2761 580 2813 intra
590 2760 687 2814 limina
700 2762 782 2828 cogit.

189 2846 244 2899 Olli
257 2863 418 2914 convenere,
434 2848 576 2916 fluuntque
589 2847 623 2901 ed
637 2848 712 2916 regia
724 2848 812 2916 plenis

189 2928 272 2982 Tecta
285 2929 346 2981 viis.
385 2928 469 2982 Sedet
481 2929 511 2981 in
524 2929 623 2982 mediis
636 2936 664 2982 et
677 2930 812 2983 maximus
823 2945 893 2984 aevo

188 3016 224 3068 Et
238 3017 341 3083 primus
354 3017 475 3084 sceptris,
489 3017 564 3069 haud
573 3017 647 3070 laeta
658 3017 760 3083 fronte,
774 3017 897 3071 Latinus.

189 3103 283 3172 Atque
295 3104 340 3156 hic
353 3103 460 3172 legatos
474 3103 575 3157 Aetola
587 3121 621 3157 ex
634 3105 703 3157 urbe
716 3105 852 3174 remissos,

189 3187 266 3252 Quae
279 3189 408 3256 referant,
423 3189 475 3242 fari
488 3189 573 3254 iubet,
588 3194 616 3242 et
628 3205 761 3257 responsa
772 3190 893 3258 reposcit

189 3273 293 3328 Ordine
307 3283 406 3329 cuncta
419 3294 476 3330 suo.
514 3277 584 3328 Turn
598 3276 674 3330 facta
686 3277 794 3330 silentia
805 3277 914 3346 linguis,

189 3361 226 3413 Et
240 3360 365 3414 Venulus
378 3363 451 3415 dieto
465 3379 564 3430 parens
575 3364 615 3416 ita
629 3365 713 3418 farier
726 3364 803 3417 infit:

227 3449 241 3474 ‘⁴
252 3446 388 3512 Vidimus,
404 3465 420 3501 o
433 3449 514 3516 cives,
529 3450 691 3504 Diomedem
706 3451 864 3520 Argivaque
877 3457 973 3518 castra,

191 3532 283 3600 Atque
296 3533 349 3584 iter
362 3534 465 3585 emensi
478 3551 556 3588 cesus
568 3537 758 3604 superavimus
771 3538 867 3606 omnis,
