2730 3936
492 217 631 267 VERGILI
654 216 818 266 Aurtmuos
841 216 860 266 1.

163 379 245 434 Nuda
257 397 336 450 genu,
350 382 478 451 nodoque
491 381 567 434 sinus
579 379 697 434 collecta
708 379 826 432 fluentis.

162 468 205 520 Aa
218 469 294 536 prior
309 471 325 498 “
336 469 437 536 Hsus,”
453 468 550 537 inquit,
567 468 710 535 “iuvenes,
726 471 886 534 monstrate,
902 482 1026 520 mearum

162 555 280 610 Vidistis
293 557 315 610 si
329 573 410 627 qnam
425 556 469 609 hic
482 560 622 609 errantem
636 556 711 608 forte
725 570 860 620 sororum,

162 642 334 698 Succinctam
347 643 478 712 pharetra
491 648 519 696 et
533 643 686 696 maculosae
701 642 822 710 tegmine
835 641 931 709 lyncis,

164 731 220 784 Aut
233 731 386 799 spumantis
399 731 459 798 apri
472 746 583 784 cursum
598 729 717 783 clamore
730 728 930 798 prementem.‘'

196 818 242 871 Sic
256 817 369 886 Venus;
390 824 419 871 et
431 817 549 871 Veneris
564 821 662 870 contra
677 817 716 870 sic
728 814 801 869 filius
813 832 908 870 orsus:

163 904 273 959 “Nulla
285 910 393 959 tuarum
407 904 502 959 audite
514 903 582 958 mihi
597 920 685 972 neque
699 904 759 958 visa
771 920 905 970 sororum,

161 989 304 1058 O-quam
318 995 346 1043 ts
359 1005 516 1056 memorem,
532 989 630 1056 virgol
651 1004 770 1057 namque
783 988 856 1041 hand
870 988 920 1041 tibi
935 988 1025 1043 voltus

162 1077 293 1145 Mortalis,
308 1094 358 1131 uec
372 1094 427 1129 vox
440 1077 581 1130 hominem
599 1083 730 1130 sonat-o
745 1075 797 1128 dea
809 1083 899 1143 certe3

161 1164 207 1217 An
221 1165 326 1218 Phoebi
340 1165 434 1218 sorori
455 1181 490 1217 an
503 1163 694 1232 Nympharum
711 1162 852 1230 sanguinis
865 1164 936 1216 unat

161 1251 204 1304 Sis
216 1251 291 1317 felix,
307 1261 486 1320 nostrumque
500 1251 582 1318 leves,
600 1265 795 1318 quaecumque,
810 1249 941 1316 laborem,

161 1338 204 1403 Et,
220 1355 275 1406 quo
288 1339 338 1391 snb
351 1339 427 1392 caelo
441 1339 560 1402 taudem,
576 1339 675 1406 quibus
687 1337 763 1391 orbis
773 1337 802 1389 in
816 1337 872 1390 on's

160 1425 307 1492 Iactamur,
322 1426 438 1481 doceas:
459 1425 548 1494 ignari
561 1425 758 1492 hominumque
774 1424 951 1492 locorumque

161 1512 298 1580 Erramus,
314 1522 398 1566 vento
411 1513 465 1567 huc
479 1514 562 1566 vastis
575 1519 602 1566 et
615 1512 744 1566 fluctibus
757 1512 820 1565 acti.

161 1599 248 1653 Multa
260 1601 311 1654 tibi
325 1607 389 1654 ante
401 1617 463 1654 aras
476 1607 570 1655 nostra
582 1600 663 1654 cadet
679 1599 770 1655 hostia
782 1599 909 1654 dextra.”

195 1687 264 1740 Tum
278 1687 390 1740 Venus:
413 1690 429 1716 “
441 1687 521 1741 Haud
534 1688 661 1756 equidem
674 1687 725 1740 tali
741 1703 786 1740 me
799 1687 898 1755 dignor
913 1686 1034 1754 h0n0r03

162 1773 322 1842 Virginibus
334 1774 423 1841 Tyriis
436 1791 496 1827 mos
509 1780 550 1827 est
562 1780 670 1842 gestare
685 1774 851 1842 pharetram,

161 1861 358 1930 Purpureoque
371 1860 426 1915 alte
439 1877 516 1915 suras
528 1863 633 1915 vincire
647 1861 794 1916 authurae.

161 1948 265 2002 Punica
278 1965 361 2016 regua
375 1949 457 2014 vides,
472 1948 568 2015 Tyrios
580 1954 608 2003 et
624 1949 761 2017 Agenoris
778 1947 890 2014 urbsm;

162 2036 216 2090 Sed
228 2036 297 2090 fines
309 2036 413 2104 Libyci,
428 2053 514 2105 genus
526 2036 701 2091 intractabile
717 2034 797 2089 bello.

162 2125 312 2192 Imperium
325 2124 398 2178 Dido
411 2124 493 2192 Tyria
507 2125 577 2192 regit
591 2125 658 2178 urbe
671 2126 802 2194 profecta,

162 2212 334 2266 Germanum
347 2212 463 2280 fugiens.
501 2211 597 2281 Longa
608 2218 651 2266 est
662 2212 770 2281 iniuria,
785 2214 884 2282 longae

162 2299 319 2367 Ambages3
341 2299 387 2352 sed
401 2315 508 2352 summa
520 2315 617 2367 sequar
630 2300 741 2367 fastigia
755 2316 856 2354 rerum.

162 2386 233 2440 Huic
247 2387 367 2441 coniunx
381 2385 520 2452 Sychaeus
533 2392 600 2454 erat,
616 2386 766 2442 ditissimus
779 2389 839 2456 agri

164 2473 341 2541 Phoenicum,
356 2480 384 2527 et
397 2491 497 2542 magno
510 2474 626 2528 miserae
639 2475 757 2529 dilectus
770 2491 871 2542 aurora,

162 2561 214 2614 (lui
228 2570 306 2629 pater
319 2562 452 2614 intactam
466 2561 587 2630 dederat,
602 2563 752 2631 primisque
766 2564 876 2631 iugarat

162 2648 314 2702 Ominibus.
352 2648 405 2701 Sed
420 2665 504 2716 regna
516 2649 581 2716 Tyri
594 2666 739 2717 germanus
752 2649 873 2703 habebat

163 2736 334 2805 Pygmalion,
349 2736 450 2789 scelere
463 2743 528 2790 aute
541 2737 610 2790 alios
624 2737 769 2791 immanior
781 2735 879 2790 omnis.

163 2823 239 2887 Quos
251 2823 323 2876 iuter
336 2823 442 2876 medius
455 2823 531 2876 venit
544 2824 631 2876 furor.
672 2821 722 2876 Ille
736 2823 890 2890 Sychaeum

163 2910 266 2978 Impius
278 2918 343 2964 aute
356 2927 417 2963 aras
430 2919 512 2978 atque
526 2910 585 2964 auri
599 2926 696 2964 caecus
709 2927 801 2964 amore

163 2997 240 3052 Clam
253 3000 330 3051 ferro
342 2999 482 3051 incautum
498 3003 616 3066 superat,
632 3014 744 3051 securus
757 3014 880 3052 amorum

163 3085 333 3151 Germanae3
355 3085 514 3154 luctumque
528 3085 575 3138 diu
588 3085 695 3150 celavit,
712 3093 740 3139 et
752 3101 870 3153 aegram,

163 3171 251 3225 Multa
262 3171 351 3225 mulus
364 3172 501 3240 simulans,
517 3187 588 3226 vana
602 3189 650 3241 spe
662 3172 728 3225 lusit
741 3176 887 3226 amantem.

165 3259 227 3326 Ipsa
239 3258 287 3312 sed
299 3260 328 3311 in
341 3260 444 3312 somnis
456 3258 592 3313 inhumati
606 3260 684 3313 venit
696 3259 787 3327 imago

164 3343 303 3412 (loniugis,
318 3361 367 3398 ora
380 3346 469 3398 rnodis
481 3345 610 3399 attollens
622 3345 725 3413 pallida
737 3347 828 3411 miris;

165 3431 290 3484 Crudelis
303 3447 364 3485 aras
377 3433 546 3500 traiectaque
560 3437 673 3499 pectora
686 3433 759 3486 ferro

166 3517 297 3586 Nudavit,
312 3533 478 3586 caecumque
491 3518 591 3571 domus
602 3519 690 3572 scelus
703 3535 785 3572 omne
799 3520 916 3575 retexit:

1129 1689 1183 1740 835
