2734 3936
479 227 618 277 visuum
640 227 828 278 esoueluen
851 228 871 278 1.

165 391 215 444 Sin
228 393 292 445 ortu
305 393 561 459 quarto—namque
573 392 597 443 is
609 392 777 445 certissimus
793 395 926 443 auctor-

164 478 239 532 Pura
252 495 342 547 neque
356 477 482 531 obtunsis
495 494 545 546 per
558 477 663 531 caelum
677 477 807 530 cornibus
819 477 879 544 ibit,

165 565 251 618 Totus
263 571 292 619 et
303 565 350 618 ille
363 566 429 632 dies,
445 570 474 617 et
486 564 532 633 qui
544 570 693 618 nascentur
706 564 740 617 ab
753 564 801 617 illo

164 653 301 707 Exaetunr
314 653 349 706 ad
361 668 494 720 mensem,
509 651 603 720 pluvia
614 652 760 719 ventisque
772 651 916 720 carebunt,

164 740 296 809 Votaque
309 739 411 792 servati
424 738 533 792 solvent
544 739 574 791 in
586 739 668 792 litore
680 742 780 792 nautae

165 826 272 880 Glauco
285 831 314 880 et
326 826 472 893 Panopeae
489 831 517 878 et
529 826 599 878 Inoo
612 825 777 879 Melicertes.

165 915 214 968 Sol
227 931 335 984 qnoque
348 919 376 967 et
389 914 524 981 exoriens,
540 919 568 966 et
581 931 641 966 cum
655 930 685 967 se
698 914 798 968 condet
811 914 837 966 in
852 913 948 981 undas,

165 1003 251 1071 Signa
262 1002 356 1066 dabit;
377 1001 464 1054 solem
477 1000 629 1054 certissima
642 1001 720 1070 signa
732 1006 891 1070 sequuntur,

165 1089 203 1142 Et
215 1106 285 1158 quae
296 1104 379 1142 mane
391 1087 485 1156 refert,
499 1093 528 1141 et
539 1104 610 1156 quae
624 1089 800 1156 surgentibus
812 1089 900 1141 astris.

165 1177 216 1230 1118
230 1177 277 1229 ubi
289 1180 448 1230 nascentem
462 1175 576 1228 maculis
591 1176 740 1229 variaverit
753 1179 845 1228 ortum

166 1262 302 1317 Conditus
313 1263 343 1316 in
356 1262 465 1330 nubem,
479 1262 625 1331 medioque
638 1263 771 1332 refugerit
784 1262 859 1330 orbe,

165 1350 293 1420 Suspecti
306 1350 356 1404 tibi
368 1351 424 1404 81111
435 1350 552 1419 imbres3
572 1367 690 1420 namque
704 1359 783 1419 urget
795 1350 829 1404 ab
842 1350 899 1404 alto

166 1438 375 1506 Arboribusque
387 1437 507 1506 satisque
520 1437 611 1491 Notus
623 1437 770 1507 pecorique
783 1437 901 1492 sinister.

166 1527 226 1578 Aut
238 1525 286 1578 ubi
299 1525 350 1578 sub
362 1525 452 1578 lucem
464 1525 551 1579 densa
563 1525 636 1578 inter
648 1525 743 1578 nubila
755 1541 814 1579 sese

165 1612 276 1666 Diversi
289 1618 420 1681 rumpent
431 1612 510 1682 radii,
527 1618 574 1666 aut
586 1613 633 1666 ubi
646 1612 749 1682 pallida
761 1617 856 1682 surget

164 1699 278 1753 Tithoni
291 1715 417 1754 croceum
432 1699 558 1768 linquens
572 1700 683 1754 Aurora
696 1702 793 1770 cubile,

164 1787 236 1853 Heu,
250 1786 322 1840 male
335 1791 394 1839 tum
407 1786 481 1843 mitis
492 1786 623 1841 defendet
635 1790 781 1857 pampinus
794 1805 877 1842 uvas:

164 1875 232 1928 Tam
247 1873 334 1927 multa
345 1873 374 1926 in
389 1875 471 1927 tectis
484 1875 624 1944 crepitans
636 1875 698 1929 sulit
711 1876 822 1931 horrida
835 1877 950 1945 grande.

165 1963 227 2018 Hoc
240 1964 333 2033 etiam,
349 1981 460 2018 emenso
472 1981 533 2018 cum
547 1965 602 2018 iam
615 1964 723 2018 decedit
736 1963 864 2033 Olympo,

165 2051 310 2106 Profuerit
320 2053 478 2106 meminisse
489 2052 591 2122 magis;
611 2067 676 2106 nam
689 2067 770 2120 saepe
782 2051 906 2105 videmus

164 2138 256 2208 Ipsius
268 2140 298 2192 in
311 2140 387 2193 voltu
400 2140 492 2195 varios
504 2157 596 2194 errare
609 2141 729 2195 colores:

164 2225 317 2280 Caeruleus
329 2227 451 2295 pluviam
465 2227 618 2296 denuntiat,
633 2229 730 2296 igneus
742 2228 846 2296 Euros;

164 2313 213 2367 Sin
228 2314 351 2368 maculae
364 2314 496 2384 incipient
508 2315 593 2368 rutilo
605 2315 784 2370 immiscerier
798 2317 863 2385 igni,

164 2399 268 2454 Omnia
284 2406 344 2454 tum
356 2401 460 2468 pariter
473 2409 556 2455 vento
569 2403 723 2472 nimbisque
735 2403 841 2457 videbis

165 2487 293 2542 Fervere.
331 2487 397 2541 Non
408 2488 456 2542 1118
468 2490 611 2558 quisquam
624 2507 669 2544 me
681 2495 763 2544 nocte
775 2507 825 2559 per
837 2491 923 2545 altum

164 2574 217 2643 Ire,
232 2591 322 2644 neque
335 2593 351 2629 8
363 2582 437 2630 18118
448 2586 561 2630 moneat
574 2578 729 2632 convellere
742 2579 844 2632 funem.

167 2663 249 2730 Atei,
264 2679 326 2716 cum
340 2663 495 2732 referetque
508 2647 580 2718 (118111
594 2665 749 2735 condetque
762 2664 886 2735 relatum,
906 2677 912 2721 Ι

164 2749 286 2803 Lucidus
298 2749 373 2804 orbis
386 2751 446 2818 erit,
461 2751 563 2805 frustra
575 2753 715 2806 terrebere
731 2753 840 2822 nimbis,

157 2823 203 2890 'Et
215 2837 291 2890 claro
304 2837 386 2891 silves
398 2855 494 2893 cernes
505 2839 644 2908 Aquilone
656 2841 769 2894 moveri.

164 2924 300 2994 Denique,
312 2925 377 2993 quid
391 2942 488 2994 vesper
501 2943 577 2980 serus
590 2929 681 3000 vehat,
696 2928 769 2981 unde
782 2944 891 2983 serenus

165 3011 276 3066 Ventus
289 3019 352 3080 agat
364 3014 459 3080 nubes,
474 3013 540 3082 quid
554 3015 657 3082 cogitet
671 3016 779 3068 umidus
793 3016 903 3085 Auster,

165 3099 212 3152 Sol
224 3099 278 3152 tibi
290 3100 368 3168 signa
381 3100 466 3154 dabit.
505 3100 597 3154 Solem
613 3101 672 3170 quis
685 3102 776 3156 dicere
790 3103 887 3157 falsum

165 3186 296 3240 Audeat?
333 3186 384 3240 Ille
397 3187 481 3241 etium
493 3204 589 3242 caecos
602 3189 706 3242 instare
720 3190 855 3243 turnultus

166 3272 253 3343 Saepe
265 3279 370 3341 monet,
384 3274 566 3343 fraudemque
579 3281 607 3328 et
621 3285 718 3344 operta
730 3282 882 3330 tumescere
896 3277 974 3331 bella

165 3359 216 3414 Ille
229 3361 311 3414 etiam
326 3362 464 3414 exstineto
476 3362 622 3416 miseratus
635 3361 754 3416 ansure
767 3364 891 3432 Romani,

166 3447 233 3501 (1818
248 3453 332 3516 caput
346 3449 461 3502 obseura
473 3449 591 3502 nitidum
604 3450 744 3517 ferrugine
757 3451 835 3518 texit,

166 3533 306 3604 Impiaque
319 3539 460 3588 aeternam
474 3537 626 3590 timuerunt
639 3537 747 3591 saecula
759 3546 879 3591 noctem.
