2706 3938
435 230 573 280 VERGILI
596 229 761 278 semaluos
782 229 827 278 Vl.

115 385 195 442 Mens
208 388 296 457 agitat
309 389 413 443 molem
426 395 455 443 et
466 405 567 457 magno
581 406 610 443 se
622 406 738 458 corpore
751 391 855 444 miscet.

117 475 185 529 Inde
197 475 346 530 hominum
359 476 550 546 pecudumque
562 493 649 545 genus
662 478 789 546 vitaeque
804 477 944 531 volantum

117 561 153 615 Et
169 579 240 631 quae
253 579 410 616 marmoreo
422 564 481 616 fert
493 570 618 617 monstra
631 564 681 616 sub
696 581 814 634 aequore
826 569 937 633 pontus.

117 648 220 716 lgneus
232 654 275 703 est
288 649 350 702 ollis
362 650 442 718 vigor
455 655 483 703 et
496 651 623 704 caelestis
637 652 715 720 origo

118 735 285 801 Seminibus,
301 742 435 806 quantum
447 754 505 790 nou
517 739 601 791 noxia
614 755 733 807 corpora
746 739 858 793 tardant

118 822 286 893 Terrenique
298 824 432 879 hebetant
445 835 521 878 artus
534 825 753 895 moribundaque
765 828 896 881 membra.

119 910 192 964 Hinc
204 916 334 964 metuunt
347 912 522 980 cupiuntque,
537 911 631 966 dolent
644 913 827 982 gaudentque,
841 931 930 982 neque
943 931 1023 970 auras

118 999 279 1068 Dispiciuut
292 999 399 1054 clausae
413 1000 535 1053 tenebris
544 1006 574 1054 et
586 1017 694 1054 carcere
708 1017 798 1055 cneco.

119 1087 194 1151 Quin
207 1094 235 1140 et
249 1103 377 1155 supremo
390 1104 451 1140 cum
465 1087 569 1141 lumine
582 1087 641 1140 vita
654 1087 773 1157 reliquit,

118 1174 146 1228 N
148 1190 185 1227 on
197 1179 293 1228 tamen
306 1190 388 1228 omne
400 1174 502 1227 malum
516 1174 623 1228 miserie
637 1191 687 1228 neo
700 1176 825 1229 funditus
838 1193 934 1229 omnes

119 1263 279 1330 Corporeae
292 1261 428 1316 excedunt
440 1267 539 1330 pestes,
554 1263 716 1332 penitusque
728 1280 839 1318 necesse
852 1269 894 1317 est

118 1349 208 1404 Multa
219 1349 268 1402 diu
281 1354 411 1403 concreta
421 1350 511 1403 modis
524 1353 675 1410 inolescere
688 1356 774 1410 miris.

118 1437 194 1506 Ergo
207 1443 371 1491 exercentur
383 1439 487 1508 poenis,
505 1446 684 1512 veterumque
697 1444 833 1498 malorum

119 1525 261 1594 Supplicia
273 1526 447 1594 expendunt:
469 1528 538 1582 aliae
551 1531 712 1599 panduntur
725 1523 816 1586 inanis

119 1613 276 1680 suspensae
288 1613 322 1666 ad
336 1621 447 1684 ventos,
469 1618 530 1672 aliis
543 1620 593 1673 sub
605 1619 714 1687 gurgite
728 1625 805 1674 vasto

118 1701 259 1754 Infeotum
273 1699 374 1754 eluitur
387 1704 481 1774 scelus,
498 1711 546 1760 aut
559 1706 684 1760 exuritur
696 1706 762 1774 igni.

118 1790 243 1859 Quisque
257 1806 320 1842 suos
332 1791 453 1859 patimur
465 1793 572 1860 Manie3
595 1792 695 1846 exinde
708 1811 758 1861 per
771 1795 892 1864 amplum

118 1877 259 1930 Mittimur
271 1876 410 1947 Elysium3
430 1885 459 1934 et
471 1881 551 1949 pauci
563 1881 635 1934 laeta
648 1897 714 1934 arva
726 1888 860 1950 tenemus,

117 1968 217 2022 Donec
229 1967 312 2036 longa
325 1968 389 2034 dics,
404 1968 527 2036 perfecto
539 1969 672 2036 temporis
685 1969 759 2032 orbe,

118 2057 286 2113 Ooncretam
300 2058 403 2113 exemit
415 2055 512 2122 labem,
527 2071 681 2124 purumque
693 2055 823 2125 relinquit

119 2145 285 2199 Aetherium
298 2161 406 2200 sensum
420 2148 502 2212 atque
516 2142 591 2196 aurai
604 2142 735 2211 simplicis
744 2145 844 2205 ignem.

118 2232 178 2287 Has
190 2234 290 2301 omnis,
304 2233 352 2286 ubi
364 2231 439 2285 mille
452 2237 542 2283 rotam
556 2228 668 2282 volvere
680 2246 730 2298 per
743 2247 837 2298 annos,

117 2319 271 2374 Lethaeum
287 2321 322 2374 ad
335 2319 449 2372 fluvium
462 2317 530 2370 deus
543 2322 641 2371 evocat
654 2318 764 2385 agmine
776 2335 884 2395 magno,

118 2406 232 2462 Scilicet
244 2409 420 2462 immemores
435 2409 576 2475 superant
590 2421 715 2459 convexa
728 2407 849 2460 revisant

117 2493 224 2548 Rursus
238 2501 267 2549 et
279 2497 413 2565 incipiant
424 2497 451 2550 in
467 2511 586 2565 corpora
598 2492 669 2547 velle
682 2493 812 2546 reverti.”

153 2582 272 2636 Dixerat
284 2584 426 2652 Anchises,
440 2590 590 2652 natumque
602 2597 711 2650 unaque
724 2579 856 2647 Sibyllam

118 2671 282 2725 Conventus
293 2672 379 2725 trahit
392 2672 421 2725 iu
433 2672 540 2726 medios
552 2671 719 2737 turbamque
732 2674 883 2734 sonantem,

118 2759 153 2813 Et
165 2759 304 2812 tumulum
318 2760 397 2828 capit,
413 2761 486 2813 unde
500 2761 590 2813 omnis
603 2759 688 2827 longo
703 2755 798 2809 ordine
810 2756 897 2824 possit

117 2846 263 2900 Adversas
274 2846 374 2915 legere,
386 2852 414 2901 et
426 2847 587 2900 venientum
602 2846 708 2900 discere
722 2844 821 2897 voltus.

154 2936 171 2963 “
182 2934 267 2988 Nunc
280 2951 337 3003 age,
351 2934 518 2988 Dardaniam
532 2933 637 3003 prolem
651 2950 721 3002 quae
734 2932 833 2986 deiude
846 2936 976 3000 sequatur

118 3023 223 3090 Gloria,
238 3022 285 3092 qui
297 3027 428 3076 maneant
440 3022 511 3076 Itala
524 3021 558 3075 de
571 3027 655 3089 geute
667 3027 789 3089 nepotes,

117 3109 245 3164 inlustris
256 3110 363 3164 animas
376 3115 556 3178 nostrumque
567 3109 598 3161 in
609 3125 712 3162 nomen
725 3109 820 3176 ituras,

116 3197 269 3268 Expediam
283 3196 373 3262 dictis,
388 3202 417 3250 ct
429 3204 457 3250 te
469 3201 518 3250 tua
529 3197 590 3250 fata
602 3196 716 3250 docebo.

116 3285 173 3348 ille,
189 3285 275 3353 vides,
291 3301 361 3354 pura
372 3284 480 3336 iuvenis
493 3283 540 3352 qui
551 3283 651 3336 nititur
662 3283 749 3349 hasta,

116 3372 246 3428 Proxima
259 3377 336 3427 sorte
348 3376 428 3425 tenet
439 3370 508 3425 lucis
520 3370 589 3436 loca,
604 3371 710 3439 primus
723 3370 758 3423 ad
771 3387 851 3424 auras

118 3462 263 3516 Aetherias
276 3459 350 3514 Italo
364 3458 530 3512 commixtus
544 3457 675 3525 sanguiue
688 3466 789 3526 surget,

116 3548 222 3616 Silvius,
238 3548 382 3602 Albanum
397 3561 506 3612 nomen,
520 3549 571 3599 tua
583 3551 712 3613 postuma
724 3545 832 3613 proles3
