2656 3940
478 225 617 276 vnneltl
639 225 805 274 AENllIDOS
828 225 872 275 IX.

165 390 340 460 Spiramenta
353 390 460 444 animae
472 388 549 442 letali
562 389 675 442 volnere
687 388 768 456 rupit.

165 478 262 532 Stabat
274 479 304 531 in
317 478 433 546 egregiis
446 477 576 530 Arcentis
588 476 660 529 filius
674 475 763 543 armiS,

165 567 259 620 Pictns
272 582 322 618 acu
337 565 509 631 chlamydem
524 570 551 617 et
564 563 704 630 ferrugine
718 564 809 616 clarus
821 563 934 630 Hibera,

165 653 284 721 Insignis
296 652 373 720 facie,
388 652 498 719 genitor
511 667 591 720 quem
606 652 718 704 miserat
732 653 846 718 Arcens,

164 740 301 792 Eductum
315 739 411 791 matris
423 738 485 812 luco
499 737 659 804 Symaethia
671 739 774 791 circum

164 826 301 894 Flumina,
315 825 425 894 pinguis
438 825 484 878 ubi
497 831 523 878 el
537 825 679 893 placabilis
693 841 740 878 ara
753 825 851 879 Palici:

165 913 333 966 Stridentem
347 911 460 964 fundam
474 912 571 980 positis
585 911 738 965 Mezentius
750 912 836 966 hastis
902 949 905 956 .

164 999 228 1068 Ipse
241 1005 284 1052 ter
297 999 416 1052 adducta
429 999 532 1052 circum
548 1003 632 1066 caput
644 999 701 1067 egit
713 999 828 1066 habena,

164 1087 200 1140 Et
212 1086 303 1140 media
315 1086 424 1140 adversi
436 1086 584 1154 liquefacto
597 1093 723 1154 ternpore
734 1086 849 1154 plumbo

165 1173 280 1241 Diffidit,
296 1191 327 1227 ae
339 1173 427 1226 multa
440 1179 599 1240 porrectum
613 1173 739 1226 extendit
752 1173 863 1227 harena.

200 1261 268 1313 Tum
282 1261 403 1330 primum
417 1259 490 1313 bello
503 1259 619 1313 celerem
632 1260 783 1313 intendisse
796 1261 923 1329 sagittam

164 1348 281 1416 Dicitur,
296 1354 361 1401 ante
374 1348 448 1400 feras
462 1347 557 1400 solitus
570 1353 675 1400 terrere
688 1348 798 1415 fugacis,

165 1436 308 1498 Ascanius,
323 1435 481 1502 fortemque
495 1450 577 1486 manu
590 1434 694 1486 fudisse
708 1434 734 1486 N
737 1451 874 1502 umanum,

165 1523 217 1576 (lui
229 1522 346 1576 Remulo
360 1537 513 1590 cognomen
530 1526 597 1589 erat,
612 1521 751 1590 Turnique
763 1523 900 1576 minorem

165 1610 331 1662 Germanum
346 1625 434 1678 nuper
448 1607 568 1661 thalamo
582 1609 701 1661 sociatus
713 1608 841 1663 habebat.

164 1697 191 1750 Is
206 1698 322 1766 primam
332 1706 396 1750 ante
409 1696 496 1750 aciem
510 1695 593 1764 digna
606 1701 688 1764 atque
705 1697 818 1766 indigna
829 1697 919 1750 relatu

165 1785 329 1839 Vocil'erans
341 1787 518 1855 tumidusque
531 1802 605 1838 novo
617 1785 779 1853 praecordia
792 1801 877 1853 regno

164 1873 228 1926 Ibat
240 1879 268 1926 et
280 1873 421 1941 ingentem
433 1889 492 1926 sese
505 1873 625 1926 clamore
637 1872 758 1926 ferebat:

167 1961 182 1988 “
192 1959 256 2012 Non
269 1960 354 2028 pudet
369 1960 511 2014 obsidione
524 1960 624 2013 iterum
638 1960 765 2028 valloque
778 1959 874 2026 teneri,

164 2046 212 2100 Bis
225 2049 297 2116 capti
311 2048 444 2117 Phryges,
460 2059 488 2101 et
500 2048 582 2100 morti
596 2047 778 2115 praetendere
792 2045 901 2098 murosl

164 2134 216 2203 En,
231 2137 276 2204 qui
289 2143 384 2190 nostra
397 2137 450 2189 sibi
462 2135 535 2189 bello
548 2134 667 2188 conubia
679 2135 811 2203 poscunt!

165 2222 233 2288 Quis
245 2224 313 2277 deus
325 2223 442 2292 Italiam,
458 2240 527 2292 quae
539 2240 589 2276 vos
601 2222 741 2276 dementia
754 2222 864 2290 adegitl

165 2308 229 2362 Non
244 2311 288 2362 hic
302 2309 427 2377 Atridae,
443 2308 584 2362 nectendi
597 2307 678 2361 fictor
691 2307 793 2360 Ulixes.

164 2397 272 2450 Durum
285 2399 320 2451 ab
334 2399 418 2466 stirpe
431 2414 526 2466 genus,
541 2403 621 2450 natos
635 2397 667 2450 ad
679 2396 793 2449 flumina
805 2395 925 2464 primum

165 2484 321 2537 Delerimns
334 2501 470 2552 saevoque
480 2485 542 2552 gelu
556 2485 689 2537 duramus
701 2487 729 2536 et
742 2482 838 2549 undis3

165 2570 276 2624 Venatu
289 2571 435 2638 invigilant
447 2573 534 2640 pueri,
546 2572 683 2640 silvasque
695 2571 830 2638 fatigant3

164 2657 288 2711 Fleetere
300 2658 381 2712 ludus
391 2676 476 2727 equos
489 2665 517 2712 et
531 2659 635 2727 spicula
647 2658 759 2711 tendere
773 2673 867 2711 cornu.

164 2743 205 2798 At
217 2745 326 2812 patiens
339 2763 453 2813 operum
466 2762 607 2815 parvoque
620 2745 733 2799 adsueta
744 2745 873 2797 inventus

166 2832 225 2886 Ant
237 2833 332 2886 rastris
345 2840 447 2887 terram
462 2833 565 2898 domat,
581 2838 629 2886 aut
642 2833 730 2901 quatit
744 2831 846 2900 oppida
857 2830 940 2883 bello.

165 2919 254 2973 Omne
267 2937 364 2974 aevum
379 2921 454 2974 ferro
467 2922 574 2989 teritur,
590 2936 722 2988 versaque
734 2921 880 2972 iuvencum

165 3007 252 3075 Terga
264 3008 411 3076 fatigamus
422 3007 510 3075 hasta,
525 3025 576 3062 nec
589 3007 669 3061 tarda
681 3012 807 3060 senectus

164 3094 298 3148 Debilitat
312 3096 378 3148 viris
391 3096 474 3149 animi
487 3101 630 3164 mutatque
644 3096 781 3162 vigorem:

165 3180 302 3234 Canitiem
315 3182 393 3250 galea
404 3183 562 3251 premimus,
577 3197 738 3250 semperque
750 3180 870 3233 recentis

165 3266 348 3336 Gomportare
360 3269 438 3322 iuvat
450 3270 567 3337 praedas
581 3276 609 3323 et
623 3269 715 3322 vivere
730 3273 819 3334 rapto.

165 3354 255 3409 Vobis
266 3357 341 3424 picta
354 3373 435 3410 croco
449 3363 477 3410 et
489 3358 606 3425 fulgenti
623 3357 726 3409 murice
739 3355 838 3420 vestis,

164 3441 293 3495 Desidiae
306 3442 397 3502 cordi:
418 3444 495 3497 iuvat
508 3444 650 3512 indulgere
663 3443 785 3508 choreis3

165 3527 202 3580 Et
214 3529 323 3582 tunicae
335 3529 464 3598 manicas,
478 3535 506 3583 et
518 3530 623 3584 habent
636 3530 796 3583 redimicula
809 3530 917 3583 mitrae.
