2734 3936
479 222 616 271 VERGILI
640 222 829 272 GEOBGIGON
852 221 886 271 Il.

175 386 275 440 Omnia
287 386 343 438 sint
354 385 467 454 peribus
478 385 600 438 numeris
612 384 736 438 dimensa
748 385 854 438 viarum
867 402 873 444 ;

174 473 237 527 Nou
252 474 374 526 animum
387 473 471 527 modo
485 473 523 526 uti
537 477 632 540 pascat
645 476 806 539 prospectus
818 472 936 539 inanem,

174 561 228 614 Sed
241 561 374 630 quianon
387 561 468 614 aliter
481 560 547 612 viris
559 559 636 612 dabit
650 559 778 612 omnibus
790 575 890 626 aeques

174 648 265 715 Terra,
280 665 369 716 neque
382 648 411 700 in
425 663 541 700 vacuum
554 651 687 715 poterunt
700 663 728 699 se
741 645 891 699 extendere
903 647 981 700 remi.

208 735 335 789 Forsitan
348 740 376 787 et
388 734 531 788 scrobibus
544 750 613 802 quae
626 734 681 786 sint
694 733 803 800 fastigia
816 748 937 801 quaeras.

173 824 272 876 Ausim
286 823 330 876 vel
342 823 419 876 tenui
433 822 517 874 vitem
531 821 707 875 committere
720 820 812 886 suleo;

174 910 266 964 Altior
280 928 311 965 ac
323 911 434 980 penitus
446 917 536 964 terrae
550 911 678 979 defigitur
692 909 781 976 arbos,

174 998 308 1052 Aesculus
320 1000 350 1051 in
363 998 467 1066 primis,
482 1015 559 1068 qnae,
577 1002 709 1066 quantum
724 996 828 1050 vertice
842 996 873 1050 ad
889 1013 969 1052 sures

174 1086 329 1155 Aetherias,
345 1092 454 1140 tantum
467 1086 559 1141 radice
574 1086 602 1138 in
616 1084 731 1138 Tartara
744 1084 843 1137 tendit.

172 1175 248 1244 Ergo
260 1193 317 1230 non
329 1176 435 1230 hiemes
449 1175 531 1242 illem,
545 1190 601 1226 non
615 1172 711 1242 fiabra,
725 1189 815 1241 neque
825 1173 926 1226 imbres

174 1263 356 1331 Oonvellunt3
377 1264 493 1317 immota
505 1267 606 1332 manet,
623 1261 778 1328 multosque
791 1265 913 1329 nepotes,

173 1350 262 1405 Multa
274 1353 363 1404 virum
377 1351 491 1405 volvens
503 1350 631 1404 durando
647 1347 755 1402 saecula
767 1348 870 1415 vineit3
937 1393 941 1402 .

174 1439 242 1490 Tum
255 1439 334 1492 fortis
347 1439 401 1492 late
414 1455 505 1492 ramos
518 1443 546 1492 et
559 1436 687 1491 bracchia
700 1434 817 1488 tendens

174 1525 235 1578 Huc
248 1525 318 1593 illue,
333 1526 425 1580 media
436 1527 496 1594 ipse
507 1526 649 1595 ingentem
661 1526 779 1579 sustinet
793 1523 928 1578 umbram.

209 1612 287 1666 Neve
299 1613 350 1666 tibi
362 1615 397 1668 sd
413 1614 496 1667 solem
511 1619 627 1682 vergant
639 1615 734 1668 vineta
750 1614 900 1683 cedentem,

174 1698 252 1753 Neve
264 1701 339 1754 inter
352 1701 415 1753 vitis
427 1701 552 1768 corylum
567 1718 633 1769 sere,
648 1717 718 1755 neve
732 1701 841 1770 flagella

174 1788 286 1842 Summe
300 1796 372 1856 pete,
387 1795 434 1843 eut
448 1806 554 1843 summa
569 1789 696 1857 defringe
711 1806 745 1844 ex
761 1789 862 1844 arbore
876 1789 1021 1859 plantas-

173 1874 277 1929 Tantus
289 1892 367 1929 amor
379 1882 561 1930 terrae—neu
573 1877 651 1930 ferro
662 1876 740 1931 laede
754 1884 866 1931 retunso

174 1962 300 2029 Semine3
322 1980 390 2018 neve
405 1963 481 2018 oleae
496 1964 629 2018 silvestris
642 1965 732 2019 insere
743 1970 872 2019 truncos:

173 2050 245 2104 Nam
259 2067 340 2121 saepe
352 2052 470 2106 incautis
482 2051 640 2120 pastoribus
651 2052 755 2106 excidit
767 2053 846 2121 ignis,

174 2138 235 2205 Qui,
250 2139 345 2192 furtim
359 2140 453 2208 pingui
466 2139 588 2207 primum
600 2139 651 2193 sub
664 2141 765 2194 cortice
781 2147 878 2206 tectus,

173 2225 285 2280 Robora
300 2227 480 2295 comprendit,
494 2226 663 2296 frondesque
680 2227 787 2297 elapsus
798 2229 826 2280 in
840 2230 910 2282 altas

172 2313 316 2381 Ingentem
330 2314 406 2368 eaelo
419 2314 539 2368 sonitum
552 2314 644 2383 dedit3
666 2315 731 2370 inde
744 2320 853 2370 secutus

173 2400 227 2454 Per
239 2419 330 2456 ramos
343 2402 431 2455 victor
444 2419 546 2471 perque
560 2403 616 2457 alta
629 2404 772 2458 eacumina
784 2409 889 2471 regnat,

172 2489 209 2541 Et
221 2495 311 2543 totum
324 2489 442 2543 involvit
454 2489 572 2543 flammis
583 2507 689 2559 nemus,
706 2496 735 2544 et
746 2491 803 2546 ruit
816 2497 903 2546 atram

172 2576 217 2628 Ad
232 2577 335 2630 caelum
349 2578 427 2645 picea
439 2593 545 2631 crassus
558 2577 674 2646 ealigine
691 2577 801 2646 nubem,

172 2664 338 2717 Praesertim
351 2665 372 2716 si
386 2669 536 2732 tempestas
550 2665 681 2718 avertice
696 2664 770 2718 silvis

172 2752 308 2820 Incubuit,
323 2751 512 2820 glomeratque
525 2753 617 2806 ferens
629 2751 757 2805 incendia
769 2757 876 2806 ventus.

172 2839 232 2893 Hoc
247 2839 300 2906 ubi,
314 2855 371 2892 non
385 2856 401 2892 a
413 2840 499 2908 stirpe
513 2839 606 2893 valent
619 2855 768 2907 caesaeque
780 2839 883 2893 reverti

171 2923 291 2978 Possunt
304 2930 386 2993 etque
399 2925 454 2977 ima
467 2924 569 2977 similes
582 2924 749 2978 revirescere
761 2930 853 2978 terra:

171 3011 273 3065 Infelix
286 3017 399 3081 superet
411 3012 485 3065 foliis
498 3012 616 3065 oleaster
629 3011 737 3065 amaris.

206 3098 234 3151 N
235 3115 266 3153 ec
277 3099 329 3152 tibi
342 3105 399 3153 tam
413 3099 533 3168 prudens
546 3099 689 3167 quisquam
705 3098 868 3167 persuadeat
883 3103 979 3152 auctor

171 3185 308 3239 Tellurem
321 3185 411 3239 Borea
423 3185 539 3251 rigidam
554 3186 675 3254 spirante
688 3201 809 3239 movere.

172 3272 247 3328 Rure
259 3274 321 3341 gelu
335 3279 401 3326 tunc
415 3273 518 3326 clandit
529 3272 626 3340 hiems,
642 3289 693 3327 nec
706 3273 808 3327 semine
820 3273 894 3328 iacto

172 3360 337 3414 Oeneretam
351 3361 455 3429 patitur
467 3359 586 3413 redicem
604 3359 724 3427 adfigere
736 3367 836 3415 terrae.

172 3448 285 3515 Optima
297 3447 398 3500 vinetis
410 3446 488 3511 satio,
503 3463 566 3500 cum
579 3464 643 3500 vere
657 3448 767 3500 rubenti

173 3534 296 3588 Candida
309 3533 384 3587 venit
397 3533 455 3586 uvis
467 3532 557 3600 longis
569 3533 658 3586 invisa
671 3533 800 3596 colubris,
