2706 3938
396 214 533 265 VERGILI
557 211 721 261 Arbaloos
744 211 800 260 vn.

102 379 187 448 Atque
198 379 287 448 fugam
301 377 386 444 dedit,
402 381 430 430 et
442 382 552 445 praeter
566 373 636 428 vada
648 372 759 426 fervida
771 371 856 425 vexit.

132 465 240 535 Iamque
252 465 418 519 rubescebat
429 463 515 521 radiis
526 477 611 527 mare,
626 467 655 514 et
666 459 779 514 aethere
792 459 826 512 ab
839 457 896 512 alto

102 553 203 607 Aurora
214 554 243 606 in
255 553 342 606 roseis
354 551 477 620 fulgebat
486 550 562 603 lutea
576 547 659 615 bigis:

102 639 164 693 (lum
175 641 250 694 venti
262 656 387 708 posuere,
402 638 545 706 omnisque
557 639 671 703 repente
683 632 785 687 resedit

101 726 193 796 Fletus,
208 733 236 780 et
248 727 278 780 in
289 726 366 780 lento
378 725 520 779 luctantur
532 738 671 777 marmore
683 726 788 774 tonsae.

74 817 76 820 ’
101 814 185 882 Atque
196 813 242 868 hic
254 814 364 867 Aeneas
376 813 515 881 ingentem
530 827 564 864 ex
578 807 801 878 aequoroluoum

100 898 237 970 Prospioit.
275 900 358 954 Hunc
370 898 539 952 interduvio
554 896 699 950 Tiberinas
712 911 836 962 amoeno,

100 987 250 1042 Vorticibus
262 987 374 1056 rapidis,
389 992 418 1041 et
429 986 518 1040 multa
530 983 618 1039 ilarius
631 984 743 1050 harena,

99 1074 128 1127 ln
139 1092 211 1130 mare
222 1061 389 1144 prorumpit,
428 1073 531 1128 Variae
544 1074 701 1141 circumque
714 1087 851 1140 supraque

99 1162 230 1216 Adsuetae
243 1163 313 1231 ripis
325 1161 450 1216 volucres
463 1167 491 1214 et
504 1160 626 1214 fluminis
638 1160 717 1214 alveo

99 1249 215 1304 Aethera
225 1248 387 1302 mulcebant
400 1253 491 1316 cantu,
505 1248 622 1316 locoque
635 1247 775 1302 volabant.

99 1335 213 1390 Flectere
224 1337 280 1390 iter
293 1336 374 1389 sociis
386 1341 531 1403 terraeque
543 1335 688 1389 advertere
701 1350 797 1404 proras

99 1422 219 1492 Imperat,
233 1431 264 1477 et
275 1423 365 1477 laetus
377 1422 462 1476 fluvio
474 1423 597 1476 succedit
614 1439 708 1492 opaco.

128 1509 153 1564 N
155 1529 206 1566 unc
218 1529 279 1582 age,
294 1513 340 1581 qui
354 1528 439 1580 reges,
454 1511 546 1579 Erato,
564 1528 633 1580 quae
646 1516 772 1580 tempora
783 1525 883 1571 rerum,

99 1597 159 1662 Qua
170 1599 248 1654 Latio
263 1599 379 1668 antiqno
391 1601 475 1653 fuerit
489 1605 584 1666 status,
599 1598 706 1653 advena
718 1597 831 1651 classem

98 1684 160 1739 Cum
172 1687 293 1756 primum
305 1687 438 1741 Ausoniis
451 1688 587 1741 exercitus
600 1686 708 1756 appulit
720 1686 785 1753 oris,

97 1771 246 1844 Expediam‚
261 1781 292 1829 et
305 1777 410 1845 primae
422 1775 558 1829 revocabo
574 1774 688 1829 exordia
700 1789 816 1842 pugnae.

97 1858 132 1912 Tu
144 1867 240 1930 vatem,
255 1868 298 1929 tu,
313 1862 384 1930 diva,
399 1879 490 1917 mone.
528 1861 627 1916 Dicam
639 1860 754 1914 horrida
766 1859 846 1925 bella,

96 1945 184 2002 Dicam
197 1950 279 2019 acies,
294 1956 425 2019 actosque
438 1950 536 2004 animis
547 1949 577 2002 in
591 1949 691 2003 funera
702 1963 788 2016 reges,

97 2031 315 2107 Tyrrhenamque
328 2054 449 2106 manum,
463 2043 607 2106 totamque
620 2037 670 2090 sub
684 2051 760 2089 arma
772 2039 896 2088 coactam

97 2120 258 2192 Hesperiam.
297 2124 387 2179 Maior
400 2141 492 2179 rerum
504 2124 573 2177 mibi
586 2124 708 2178 nascitur
721 2122 796 2184 ordo,

96 2207 175 2266 Maius
187 2231 256 2283 opus
269 2230 378 2268 moveo.
416 2213 477 2267 Rex
489 2229 555 2267 arva
568 2211 684 2265 Latinus
696 2217 725 2263 et
738 2210 820 2262 urbes

96 2295 146 2351 lam
158 2303 249 2356 senior
261 2302 347 2369 longa
358 2299 479 2370 placidae
491 2301 521 2353 in
532 2315 600 2368 pace
612 2299 734 2366 regebat.

97 2382 168 2441 Hunc
179 2389 276 2444 Fauno
290 2395 321 2444 et
333 2387 455 2458 nympha
467 2389 589 2457 genitum
605 2385 743 2439 Laurente
757 2383 860 2438 Marica

99 2471 260 2545 Accipimue3
281 2477 379 2531 Fauno
391 2477 474 2531 Picus
487 2481 582 2546 pater;
604 2475 682 2542 isque
692 2476 836 2540 parentem

96 2557 136 2627 Te,
146 2562 270 2633 Saturne,
286 2565 390 2630 refert3
411 2569 442 2617 tu
455 2562 595 2632 sauguinis
609 2560 723 2614 ultimus
734 2564 840 2612 auotor.

96 2643 171 2703 Filius
182 2651 247 2705 huic
260 2650 322 2707 fato
335 2651 429 2706 divom
441 2650 588 2720 prolesque
600 2647 688 2701 virilis

96 2731 172 2791 Nulla
182 2739 243 2808 fuit,
257 2739 403 2808 primaque
416 2739 508 2792 oriens
521 2744 616 2806 erepta
628 2735 742 2788 iuventa
754 2738 803 2787 est.
900 2785 902 2789 ,

96 2819 152 2876 Sola
162 2824 273 2879 domum
287 2829 318 2880 et
330 2830 422 2880 tantas
434 2827 562 2880 servabat
573 2824 631 2878 filia
644 2822 729 2890 sedes,

96 2905 147 2962 Iam
159 2919 266 2968 matura
279 2914 351 2982 viro,
365 2913 420 2968 iam
433 2913 522 2982 plenis
533 2913 635 2966 nubilis
649 2911 735 2966 annis.

96 2993 167 3051 Multi
178 3000 253 3055 illam
266 3017 370 3069 magno
382 3017 397 3054 e
409 3000 490 3055 Latio
502 3005 616 3069 totaque
630 3000 762 3068 petebant

95 3083 222 3156 Ausonia3
243 3089 318 3158 petit
331 3093 396 3142 ante
410 3087 478 3142 alios
490 3088 693 3157 pulcherrimus
706 3086 796 3139 omnis

96 3169 200 3243 Turnus,
215 3176 275 3230 avis
289 3175 433 3244 atavisque
446 3181 553 3243 potens,
569 3191 649 3243 quem
664 3173 741 3242 regia
753 3173 873 3226 coniunx

96 3257 208 3331 Adiungi
220 3279 356 3332 generum
369 3263 441 3315 miro
453 3263 621 3332 properabat
633 3277 743 3326 amore;

96 3343 142 3398 Sed
153 3351 234 3403 variis
246 3355 382 3419 portenta
394 3349 474 3402 deum
488 3349 641 3403 terroribus
654 3348 774 3402 obstant

96 3429 191 3489 laurus
204 3443 265 3492 erat
279 3437 348 3490 tecti
360 3436 452 3490 medio
464 3437 493 3489 in
506 3436 694 3505 penetralibus
707 3434 777 3501 altis,

96 3518 171 3576 Sacra
182 3542 299 3594 comam,
314 3524 470 3593 multosque
482 3529 558 3578 metu
571 3531 680 3578 servata
693 3539 742 3590 per
754 3539 847 3590 annos,
