2730 3936
511 199 653 248 VERGILI·
672 197 859 247 Gnoaalcon
882 197 926 247 IV.

206 361 323 424 Aridum
345 361 454 414 elucent
466 361 535 414 aliae
549 365 577 412 et
589 360 695 426 fulgore
708 365 862 426 coruscant,

206 448 345 501 Ardentes
359 465 427 502 auro
439 455 468 502 et
479 447 590 517 paribus
601 447 652 500 lita
664 463 782 516 corpora
793 447 886 514 guttis.

205 535 285 587 Haeo.
293 535 386 603 potior
398 535 522 602 suboles;
543 534 608 587 hino
620 533 688 586 caeli
701 539 825 602 tempore
839 538 915 587 certo

205 621 304 675 Dulcia
316 623 400 675 mella
411 639 528 690 premes,
543 638 594 675 nec
605 625 715 674 tantum
728 620 826 686 dulcia,
843 626 975 688 quantum

204 708 241 761 Et
253 708 358 776 liquida
370 714 399 762 et
411 709 510 762 durum
522 707 625 762 Bacchi
637 708 777 761 domitura
789 725 923 777 saporem.

198 842 200 847 .
241 796 280 848 At
293 812 355 848 cum
369 797 475 850 incerta
486 796 582 850 volant
595 796 726 865 caeloque
739 796 867 849 examina
879 789 986 864 ludunt,

206 881 451 952 Contemnuntque
463 885 545 937 favos
558 888 586 936 et
599 883 699 952 frigida
711 887 786 936 tectu
798 883 965 952 relinquunt,

205 968 345 1023 Instabilis
357 971 463 1024 animos
475 970 540 1023 ludo
553 969 712 1039 prohibebis
724 970 808 1024 inani.

205 1054 233 1108 N
235 1072 266 1110 ec
277 1073 394 1126 magnus
406 1057 555 1125 prohibere
567 1057 662 1112 labor:
683 1064 715 1109 tu
727 1057 839 1124 regibus
851 1057 908 1110 alas

205 1143 303 1213 Eripe;
324 1161 379 1197 non
392 1144 446 1197 illis
459 1137 602 1213 quisquam
616 1144 810 1198 cunctantibus
823 1144 908 1197 altum

205 1231 250 1284 Ire
262 1231 316 1284 iter
328 1237 377 1285 aut
390 1231 487 1285 castris
500 1231 614 1285 audebit
627 1231 728 1284 vellere
741 1231 827 1299 signa.

161 1350 162 1354 =
205 1317 328 1371 Invitent
341 1318 444 1371 croceis
456 1317 582 1372 halantes
594 1317 707 1372 floribus
719 1318 801 1384 horti,

205 1404 243 1458 Et
257 1409 350 1458 custos
363 1405 455 1457 furum
469 1411 550 1474 atque
565 1405 657 1458 avium
671 1421 732 1458 curn
746 1405 815 1459 falce
829 1405 933 1474 saligna

206 1492 420 1560 Hellespontiaci
434 1497 525 1545 servet
538 1491 626 1546 tutela
638 1492 741 1561 Priapi.

206 1578 268 1645 Ipse
281 1579 408 1646 thymum
421 1579 556 1648 pinosque
568 1581 659 1634 ferens
672 1579 706 1632 de
719 1580 861 1633 montibus
874 1580 937 1633 altis

206 1665 289 1718 Tecta
302 1671 375 1720 serat
386 1666 441 1719 late
453 1665 563 1734 circum,
579 1667 623 1720 cui
636 1667 703 1719 talia
716 1683 813 1732 curae3

206 1752 268 1821 lpse
281 1753 375 1807 labore
388 1769 499 1806 manum
512 1753 675 1822 duroterat,
690 1754 749 1821 ipse
761 1755 862 1808 feracis

205 1839 285 1908 Figat
297 1840 381 1894 burno
394 1841 502 1908 plantas
515 1846 543 1895 et
556 1842 659 1895 amicos
670 1841 772 1909 inriget
783 1842 889 1896 imbris.

240 1928 334 1997 Atque
347 1928 481 1997 equidem,
497 1933 622 1982 extremo
634 1929 663 1980 ni
675 1929 730 1980 inm
744 1929 794 1981 sub
807 1929 862 1982 fine
875 1929 1001 1983 laborum

206 2016 278 2070 Vela
289 2015 397 2070 traham
413 2021 441 2069 et
453 2015 534 2069 torris
547 2017 673 2070 festinem
687 2016 831 2070 advertere
843 2033 962 2085 proram,

205 2103 332 2157 Forsitan
347 2110 382 2171 et,
397 2103 506 2172 pinguis
518 2103 615 2157 hortos
627 2120 696 2172 quae
709 2120 776 2157 cura
788 2103 895 2157 colendi

205 2190 333 2258 Ornaret,
349 2207 483 2259 canerem,
498 2191 633 2260 biferique
646 2191 750 2244 rosaria
761 2191 863 2259 Paesti,

206 2279 321 2348 Quoque
334 2278 417 2332 modo
430 2279 502 2347 potis
515 2280 668 2347 gauderent
685 2280 774 2332 intiba
786 2279 853 2332 rivis

204 2365 241 2418 Et
253 2365 354 2419 virides
366 2366 429 2434 apio
441 2367 526 2435 ripae,
541 2372 685 2435 tortusque
697 2383 747 2436 per
757 2367 872 2420 herbam

206 2451 348 2506 Cresceret
361 2453 391 2505 in
403 2459 528 2507 ventrem
542 2454 678 2521 cucumis3
699 2471 750 2508 nec
763 2470 824 2507 sera
837 2459 994 2508 comantem

205 2538 363 2592 Narcissum
377 2545 424 2592 aut
436 2539 501 2593 flexi
513 2542 657 2595 tacuissem
672 2532 764 2594 vimen
777 2541 889 2595 acanthi

204 2626 391 2694 Pallentisqne
404 2626 520 2680 hederas
532 2634 560 2680 et
573 2629 691 2682 amantis
704 2628 787 2682 litora
799 2633 914 2696 myrtos.

205 2712 331 2781 Namque
344 2713 394 2766 sub
408 2713 539 2768 Oebaliae
552 2715 664 2768 memini
677 2732 722 2768 me
734 2716 856 2769 turribus
868 2715 940 2783 altis,

206 2800 267 2864 Qua
278 2801 357 2868 niger
370 2806 490 2855 umectat
502 2800 633 2855 flaventia
646 2801 721 2856 culta
733 2802 873 2869 Galaesus,

206 2888 352 2956 Corycium
367 2888 466 2941 vidisse
479 2905 580 2956 senem,
596 2890 640 2943 cui
653 2906 741 2958 pauca
754 2890 844 2943 relicti

205 2975 304 3044 Iugera
316 2975 387 3029 ruris
401 2981 487 3042 erant,
502 2992 553 3029 neo
566 2976 665 3029 fertilis
677 2976 724 3030 illa
736 2977 868 3044 iuvencis,

206 3062 232 3115 N
234 3080 265 3117 ec
278 3064 369 3130 pecori
385 3071 541 3139 opportuna
554 3079 637 3132 seges,
652 3080 704 3117 nec
717 3064 862 3118 commoda
875 3063 995 3121 Baccho.
1034 3098 1037 3109 ·

207 3151 259 3203 Hic
272 3167 365 3202 rarum
377 3155 470 3203 tamen
486 3151 516 3203 in
529 3150 619 3203 dumis
635 3151 716 3203 holus
728 3151 844 3220 albaque
857 3152 961 3205 circum

206 3235 274 3288 Lilia
287 3236 474 3304 verbenasque
487 3253 615 3306 premens
629 3254 794 3306 vescumque
811 3255 940 3306 papaver,

207 3322 314 3388 Regum
328 3324 462 3390 aequabat
475 3341 541 3391 opes
554 3324 659 3391 animis,
675 3340 788 3392 seraque
801 3331 944 3378 revertens

206 3409 297 3462 Nocte
309 3409 422 3461 domum
435 3409 550 3476 dapibus
562 3427 670 3462 mensas
682 3411 816 3464 onerabat
829 3412 967 3479 inemptis.

207 3495 315 3547 Primus
328 3512 391 3548 vere
404 3512 494 3548 rosam
509 3500 589 3562 atque
603 3500 735 3548 autumno
748 3513 861 3564 carpere
873 3514 964 3566 poma,
