2656 3940
475 201 614 261 venenu
636 200 802 250 eleusinos
824 199 896 250 VIII.

173 365 320 434 Congressi
331 365 450 433 iungunt
461 363 581 429 dextras,
596 361 747 430 mediisque
760 361 883 414 residunt

172 453 305 520 Aedibus,
320 457 348 505 et
360 451 437 504 licito
449 449 560 504 tandem
574 465 701 504 sermone
714 449 853 503 fruuntur.

172 539 233 594 Rex
245 540 322 608 prior
334 538 417 593 haec:

174 627 317 681 “Maxime
330 626 499 679 Teucrorum
512 625 619 692 ductor,
635 640 690 693 quo
702 625 806 692 sospite
818 639 969 694 numquam

172 713 229 766 Res
241 713 368 783 equidem
381 712 478 766 Troiae
493 713 579 764 victas
590 715 639 765 aut
651 727 736 779 regna
748 711 868 777 fatebor,

173 801 261 856 Nobis
273 801 309 855 ud
320 800 384 854 belli
397 799 529 854 auxilium
541 816 593 868 pro
606 799 718 853 nomine
731 804 811 852 tanto

173 889 295 958 Exiguae
308 889 396 942 vires:
417 887 483 941 hinc
496 887 586 940 Tusco
601 886 754 940 claudimur
767 887 849 954 amni,

173 977 247 1030 Hinc
259 975 378 1030 Rutulus
390 975 500 1044 premit,
516 980 545 1027 et
556 991 666 1026 murum
679 973 863 1028 circumsonat
875 974 968 1040 armis,

174 1064 227 1118 Sed
240 1064 291 1117 tibi
305 1080 355 1132 ego
368 1063 489 1131 ingentis
501 1061 618 1131 populos
631 1061 815 1129 opulentaque
827 1062 920 1128 regnis

173 1151 292 1220 Iungere
308 1156 397 1205 eastra
410 1166 484 1219 paro,
499 1165 580 1218 quum
594 1149 650 1202 fors
663 1150 776 1218 inopina
788 1148 904 1203 salutem

174 1239 313 1293 Ostentat.
350 1238 427 1291 Fatis
440 1237 495 1290 huc
508 1243 536 1290 te
550 1236 728 1304 poscentibus
740 1236 838 1290 adfers.

174 1327 255 1379 Haud
269 1325 365 1395 procul
382 1325 447 1378 hinc
460 1340 527 1377 saxo
539 1323 670 1377 incolitur
684 1324 800 1377 fundata
811 1328 922 1378 vetusto

174 1413 258 1466 Urbis
270 1412 417 1481 Agyllinae
430 1412 516 1478 sedes,
532 1410 579 1464 ubi
592 1409 679 1476 Lydia
691 1410 830 1478 quondam

175 1499 258 1568 Gens,
274 1499 346 1553 bello
362 1497 510 1566 praeclara,
525 1497 597 1566 iugis
608 1496 710 1550 insedit
722 1496 855 1552 Etruscis.

175 1587 254 1640 Hanc
268 1586 370 1639 multos
384 1585 529 1639 florentem
542 1601 630 1638 unnos
642 1603 691 1638 rex
704 1585 803 1640 deinde
816 1585 935 1654 superbo

174 1672 295 1743 Imperio
307 1677 336 1726 et
349 1673 438 1726 saevis
449 1672 540 1725 tenuit
553 1671 705 1726 Mezentius
718 1675 809 1728 armis.

175 1759 248 1825 Quid
262 1777 412 1814 memorem
426 1761 555 1815 intendes
568 1762 672 1827 caedes,
688 1764 753 1832 quid
766 1765 839 1818 facta
851 1763 963 1831 tyranni

174 1847 286 1902 Efferat
306 1848 334 1900 di
347 1848 432 1918 capiti
445 1848 531 1918 ipsius
543 1850 692 1918 generique
705 1853 862 1906 reservent!

175 1935 285 1990 Mortua
298 1936 362 2005 quin
378 1937 461 1991 etiem
474 1937 605 2006 iungebat
618 1955 736 2006 corpora
749 1940 827 2008 vivis,

175 2022 352 2092 Componens
365 2024 546 2093 manibusque
559 2042 658 2080 manus
671 2033 753 2095 atque
766 2027 859 2080 oribus
871 2043 927 2093 ora,

175 2110 316 2165 Tormenti
331 2129 425 2182 genus,
440 2117 468 2166 et
481 2113 557 2166 sanic
570 2113 689 2182 taboque
701 2113 812 2170 fluentis

176 2197 327 2267 Oomplexu
341 2199 371 2252 in
384 2200 485 2253 misero
497 2199 582 2269 longa
596 2201 634 2255 sic
647 2206 737 2256 morte
748 2203 874 2258 necabat.

175 2285 216 2338 At
228 2286 293 2339 fessi
305 2286 417 2341 tandem
432 2286 505 2340 cives
517 2287 634 2342 infanda
645 2288 785 2342 furentem

176 2374 284 2426 Armati
299 2374 504 2427 circumsistunt
517 2375 660 2443 ipsumque
673 2375 848 2444 domumque,

176 2458 351 2514 Obtruncent
364 2462 460 2525 socios,
480 2461 572 2530 ignem
584 2461 619 2515 ad
631 2462 742 2530 fastigia
753 2464 866 2518 iactant.

175 2545 224 2600 llle
236 2547 310 2600 inter
322 2548 433 2601 caedem
447 2548 614 2601 Rutulorum
627 2549 734 2619 elapsus
747 2551 777 2603 in
789 2567 870 2619 egros

176 2633 338 2703 Confugere,
353 2640 381 2689 et
394 2635 477 2688 Turni
492 2635 636 2689 defendier
648 2636 764 2706 hospitis
777 2639 869 2692 armis.

174 2721 249 2789 Ergo
262 2723 353 2775 omnis
365 2723 442 2774 furiis
455 2723 572 2776 surrexit
587 2722 699 2778 Etruria
711 2724 805 2778 iustis:

175 2808 279 2876 Regem
292 2809 326 2863 ad
338 2809 503 2878 supplicium
516 2811 654 2877 praesenti
668 2810 757 2865 Marte
770 2816 927 2880 reposcunt.

175 2897 226 2949 His
239 2913 289 2962 ego
302 2901 338 2962 te,
353 2895 457 2964 Aenea,
474 2896 617 2950 ductorem
632 2897 743 2951 milibus
755 2898 862 2953 eddam.

175 2983 245 3038 Toto
257 3001 375 3052 nemque
388 2985 513 3037 fremunt
525 2984 682 3038 condensae
694 2985 776 3039 litore
788 3003 901 3054 puppes.

176 3070 312 3140 Signaque
324 3071 398 3124 ferre
410 3071 520 3138 iubent;
542 3073 645 3124 retinet
657 3071 809 3141 longaevus
821 3073 958 3141 haruspex

175 3157 245 3210 Fata
258 3175 373 3211 canens:
395 3157 445 3211 “0
458 3157 602 3211 Maeoniae
618 3158 726 3213 delecta
737 3161 874 3222 iuventus,

176 3245 240 3298 Flos
251 3251 376 3298 veterum
390 3245 533 3314 virtusque
547 3245 644 3304 virum,
660 3263 728 3314 quos
740 3247 828 3300 iustus
840 3249 869 3300 in
884 3247 991 3302 hostem

176 3332 241 3384 Fert
254 3331 333 3384 dolor
346 3337 373 3384 et
386 3333 484 3386 merita
497 3333 623 3386 accendit
636 3332 790 3388 Mezentius
802 3335 851 3396 ira,

177 3417 253 3470 Nulli
268 3418 309 3469 fas
322 3417 392 3470 Italo
406 3424 510 3471 tantam
526 3420 691 3488 subiungere
704 3428 831 3488 gentem:

177 3503 316 3555 Externos
328 3507 422 3569 optate
434 3503 545 3557 duces.’'
582 3505 650 3558 Turn
664 3507 781 3580 Etrusca
793 3509 895 3563 resedit
