2668 3942
451 229 589 280 vunulul
613 230 777 280 annninos
799 230 856 280 XII.

141 379 319 460 Insequitur,
340 382 427 445 solum
440 391 526 448 densa
538 393 567 446 in
580 391 697 460 caligine
710 391 834 446 Turnum

142 480 275 547 Vestigat
287 481 415 548 lustrans,
431 479 519 532 solum
532 480 562 532 in
575 478 727 533 certamina
740 481 838 548 poscit.

142 568 206 622 Hoc
219 584 351 621 concussa
362 574 438 621 metu
450 573 573 621 mentem
586 567 703 620 Iuturna
717 568 811 636 virago

140 657 278 724 Aurigam
292 655 377 708 Turni
390 646 567 709 media'inter
579 655 640 708 lora
653 654 800 708 Metiscum

139 743 265 808 Excutit,
279 749 308 797 et
319 743 400 811 longe
412 742 520 811 lapsum
532 748 643 796 temone
655 742 801 810 relinquit3

141 830 208 899 Ipsa
220 831 300 898 subit,
316 831 494 899 manibusque
508 829 639 884 undantis
653 829 740 882 flectit
753 829 885 896 habenas,

141 917 252 972 Cuncta
264 935 368 987 gerens,
383 933 535 986 vocemque
548 921 577 970 et
590 932 690 984 eorpus
702 921 731 971 et
744 933 821 972 arma
833 917 949 973 Metisci.

140 1005 232 1074 Nigra
245 1007 320 1060 velut
333 1023 445 1074 magnas
457 1005 562 1060 domini
576 1020 639 1058 cum
653 1003 747 1058 divitis
764 1005 845 1059 aedes

139 1094 275 1148 Pervolat
288 1101 316 1148 et
327 1095 426 1163 pennis
438 1095 496 1148 alta
504 1093 578 1168 'atria
592 1091 692 1146 lustrat
704 1091 832 1161 hirundo,

139 1181 249 1234 Pabula
261 1199 346 1249 parva
357 1182 450 1250 legens
463 1181 590 1249 nidisque
604 1178 765 1246 loquacibus
777 1196 860 1248 escas,

138 1269 178 1322 Et
191 1285 267 1322 nunc
279 1269 431 1338 porticibus
443 1269 543 1336 vacuis,
557 1285 633 1322 nune
649 1265 742 1320 uiuida
756 1267 860 1321 circum

140 1356 247 1424 Stagna
260 1363 356 1410 sonat:
376 1357 473 1410 similis
485 1357 591 1410 medios
605 1356 721 1410 Iuturna
737 1355 886 1424 perhactis

138 1445 243 1500 Fertur
255 1445 339 1514 equis,
353 1445 504 1514 rapidoque
517 1445 614 1500 volans
627 1445 686 1498 obit
701 1444 795 1496 omnia
807 1459 902 1509 curru3

139 1532 255 1600 Iamque
268 1532 313 1584 hic
325 1549 493 1600 germanum,
508 1533 616 1601 iamque
629 1532 674 1585 hie
693 1536 812 1584 ostentat
825 1535 963 1598 ovantem,

138 1618 167 1671 N
168 1636 201 1673 ec
215 1620 341 1672 conferre
353 1635 464 1673 manum
478 1621 597 1688 petitum
622 1622 698 1676 volat
712 1621 773 1675 avia
785 1620 875 1688 longe.

138 1706 223 1760 Haud
235 1707 327 1760 minus
340 1708 449 1760 Aeneas
461 1713 550 1761 tortos
563 1709 631 1776 legit
644 1710 740 1763 obrius
755 1708 838 1775 orbis,

138 1793 324 1861 Vestigatque
338 1795 426 1854 virum
440 1800 467 1848 et
480 1794 593 1848 disiecta
605 1813 655 1865 per
667 1797 776 1864 agmina
789 1811 890 1862 magna

137 1881 219 1935 Voce
231 1885 321 1934 vocat.
359 1880 494 1946 Quotiens
507 1883 601 1936 oeulos
614 1883 732 1937 coniecit
744 1885 774 1936 in
788 1883 904 1949 hostem,

137 1967 345 2036 Alipedumque
357 1968 450 2034 fugam
463 1985 545 2022 cursu
557 1971 704 2038 temptavit
717 1989 859 2042 equorum,

136 2057 265 2108 Aversos
276 2055 378 2108 totiens
391 2072 487 2108 currus
500 2054 616 2110 Iuturna
628 2060 749 2113 retorsit.

136 2142 211 2206 Heu,
226 2142 293 2211 quid
306 2143 386 2211 agati
423 2143 511 2198 Vario
524 2145 688 2214 nequiquam
705 2150 819 2208 fluctuat
832 2161 916 2223 aestu,

135 2231 328 2298 Diversaeque
340 2236 442 2284 vocant
454 2231 577 2286 animum
590 2233 619 2286 in
634 2240 773 2294 contraria
787 2259 877 2296 curae.

138 2317 212 2370 Huic
225 2316 374 2386 Messapus,
390 2319 430 2371 uti
442 2318 520 2372 laeva
532 2319 587 2373 duo
601 2321 671 2376 forte
684 2329 798 2392 gerebat

135 2405 235 2471 Lenta,
250 2405 319 2457 levis
331 2421 420 2474 cursu,
433 2406 554 2473 praefixa
566 2407 677 2464 hastilia
690 2413 773 2482 ferre,

138 2493 248 2545 Horum
262 2509 346 2545 unum
359 2500 435 2546 certo
448 2499 633 2563 contorquens
650 2499 750 2571 derigit
762 2505 828 2560 ictu.

135 2580 272 2632 Substitit
284 2580 401 2646 Aeneas,
416 2585 444 2634 et
456 2597 484 2634 se
498 2581 607 2651 collegit
621 2586 650 2639 in
664 2606 747 2659 arma,

135 2667 249 2736 Poplite
262 2667 417 2735 subsidens3
439 2669 544 2736 apicem
560 2677 654 2728 tamen
667 2677 752 2732 incita
765 2695 902 2734 summum

135 2756 227 2810 Hasta
239 2755 309 2822 tulit,
324 2771 494 2824 summasque
510 2761 630 2814 excussit
645 2766 749 2820 vertice
762 2767 867 2822 cristas.

135 2843 208 2894 Turn
221 2857 287 2894 vero
300 2841 452 2910 adsurgrmt
464 2845 536 2913 irae;
559 2848 720 2919 insidiisque
733 2853 872 2922 subactae,

135 2928 270 2982 Diversus
283 2929 330 2982 ubi
343 2930 426 2983 sentit
442 2949 526 3001 equos
541 2951 706 3004 currumque
720 2940 826 3006 referri,

135 3015 228 3070 Multa
240 3014 335 3068 Iovem
348 3022 376 3069 et
388 3017 453 3072 laesi
467 3026 585 3076 testatus
598 3024 719 3078 foederis
732 3043 801 3092 aras,

136 3102 196 3156 Iam
210 3101 321 3154 taudem
336 3103 440 3178 invadit
454 3108 567 3176 medios,
582 3116 611 3163 et
624 3110 713 3165 Marte
726 3115 846 3168 secundo

135 3189 279 3242 Terribilis
292 3206 400 3244 saevam
416 3193 493 3248 nullo
505 3195 663 3252 discrimine
677 3200 787 3254 eaedem

135 3277 266 3344 Suscitat,
281 3278 440 3348 irarumque
453 3282 544 3336 omnis
555 3283 673 3338 effundit
690 3286 819 3342 habenas·

171 3366 241 3431 Quis
254 3367 322 3420 mihi
336 3384 410 3421 nunc
422 3374 465 3422 tot
477 3370 576 3426 acerba
587 3371 662 3440 deus,
677 3375 738 3442 quis
750 3376 871 3431 carmine
884 3379 982 3433 caedes

134 3453 272 3523 Diversas,
291 3455 454 3526 obitumque
466 3457 575 3519 ducum,
591 3477 659 3528 quos
672 3477 790 3529 aequore
805 3470 864 3518 toto

135 3541 222 3610 Inque
234 3543 324 3596 vicem
338 3527 415 3594 nunc*
426 3543 532 3596 Turnus
545 3545 610 3613 agit,
626 3563 700 3600 nunc
713 3547 810 3602 Troius
823 3551 913 3622 herus,
