2730 3936
434 229 573 280 vuuulul
594 229 759 279 assumes
781 229 814 280 11.

122 392 198 448 Nunc
210 398 319 448 tantum
332 392 408 446 sinus
421 398 449 445 et
461 393 544 446 statio
557 391 628 446 male
640 390 696 446 fida
708 390 821 458 carluis3

122 481 179 536 Huc
191 498 221 535 se
233 480 358 549 provecti
370 479 481 533 deserto
493 480 522 532 in
535 479 617 532 litore
629 477 761 533 condunt.

121 569 176 622 Nos
188 569 287 622 abiisse
300 566 353 620 rati
365 571 394 620 et
407 571 491 620 vento
503 566 614 635 petiisse
627 564 771 632 Mycenas:

120 655 190 725 Ergo
203 656 294 709 omnis
306 655 390 722 longo
404 653 486 706 solvit
499 670 527 706 se
540 652 655 706 Teucria
666 653 757 719 luctu3

120 742 280 796 Panduntur
292 747 404 811 portae;
425 741 503 794 iuvat
514 740 556 794 ire
569 746 597 793 et
609 739 711 794 Dorica
723 745 814 794 castra

120 828 300 898 Desertosque
314 829 408 882 videre
420 829 495 881 locos
507 827 626 896 litusque
639 826 774 881 relictum.

119 917 169 972 Hic
180 917 322 986 Dolopum
335 911 439 984 manus,
454 915 499 968 hic
513 931 610 968 saevus
623 914 754 968 tendebat
767 914 907 980 Achilles;

120 1004 256 1058 Oiassibus
272 1004 319 1058 hic
337 1004 421 1072 locus,
438 1003 483 1056 hic
496 1002 553 1056 acie
566 1009 672 1056 certare
686 1001 818 1055 solebant.

118 1091 183 1146 Pars
195 1097 290 1162 stupet
302 1092 434 1159 innuptae
447 1089 550 1143 donum
564 1088 675 1142 exitiale
689 1088 829 1143 Minervae

118 1179 153 1233 Et
164 1181 265 1234 molem
279 1179 415 1232 mirantur
428 1178 507 1246 equi;
527 1177 686 1247 primusque
699 1175 866 1244 Thymoetes

118 1266 185 1322 Duci
199 1268 274 1321 intra
288 1282 381 1319 muros
393 1265 521 1318 hortatur
533 1268 562 1318 et
574 1280 638 1318 arce
650 1264 745 1332 locari,

119 1355 178 1409 Sive
191 1355 266 1424 dolo,
282 1370 330 1407 seu
342 1353 397 1406 iam
410 1352 507 1405 Troiae
520 1351 559 1405 sic
571 1352 631 1406 fata
643 1352 777 1406 ferebant.

119 1442 157 1496 At
168 1442 268 1512 Oapys,
284 1446 313 1494 et
324 1457 442 1510 quorum
456 1439 553 1492 melior
566 1439 704 1492 sententia
716 1439 811 1507 menti,

119 1531 174 1584 Aut
184 1529 286 1600 pelago
299 1529 425 1582 Danaum
438 1528 551 1582 insidias
560 1534 741 1597 suspectaque
752 1527 827 1582 dona
854 1529 856 1538 ’

118 1616 305 1687 Praecipitare
318 1616 422 1682 iubent,
436 1615 618 1685 subiectisque
631 1631 710 1668 urere
722 1614 848 1684 flammis,

119 1705 174 1759 Aut
185 1706 330 1759 terebrare
342 1719 423 1758 cavas
434 1703 505 1756 uteri
519 1707 547 1757 et
559 1707 695 1771 temptare
707 1701 834 1756 latebras.

119 1791 257 1846 Scinditur
269 1794 407 1845 incertum
421 1790 512 1844 studia
523 1791 552 1843 in
565 1790 703 1844 contraria
714 1789 818 1858 volgus.

150 1880 262 1933 Primus
275 1879 316 1932 ibi
329 1885 393 1933 ante
406 1880 503 1946 omnis,
517 1895 618 1947 magua
627 1877 775 1931 comitante
788 1883 906 1945 caterva,

118 1966 244 2022 Laocoon
257 1966 359 2022 ardeus
372 1983 478 2020 summa
491 1965 612 2020 decurrit
625 1965 660 2018 ab
673 1981 743 2033 arce,

118 2053 153 2110 Et
164 2056 278 2125 procul:
303 2056 353 2109 “O
366 2057 466 2125 miseri,
482 2072 551 2124 quae
566 2059 645 2110 tanta
656 2055 770 2124 insania,
784 2055 858 2109 cives
870 2055 880 2108 i

120 2141 235 2198 Creditis
248 2149 363 2198 avectos
376 2143 480 2197 bestisi
501 2149 549 2198 aut
560 2143 617 2197 ulla
630 2145 733 2212 putatis

119 2228 196 2284 Dona
209 2246 307 2285 carere
319 2229 390 2283 dolis
402 2229 549 2296 Danaum?
568 2230 607 2284 sic
620 2236 702 2284 notus
714 2229 826 2284 Ulixes?

120 2319 175 2372 Aut
186 2318 242 2373 hoc
254 2317 356 2384 inclusi
369 2317 445 2386 liguo
459 2318 632 2372 occultantur
644 2318 755 2383 Achivi,

121 2405 176 2458 Aut
187 2406 256 2461 haec
270 2407 300 2458 in
313 2410 423 2459 nostros
435 2405 569 2460 fabricata
581 2414 622 2459 est
634 2405 763 2460 machina
776 2421 870 2460 muros

120 2493 282 2562 inspectura
294 2493 392 2547 domos
401 2493 571 2562 venturaque
584 2493 702 2562 desuper
715 2493 784 2560 urbi,

123 2581 175 2636 Aut
188 2583 290 2652 aliquis
302 2581 371 2635 latet
387 2597 480 2634 error:
502 2597 572 2650 equo
585 2597 621 2634 ne
634 2579 746 2648 credite,
761 2580 866 2635 Teucri.

122 2668 259 2740 Quidquid
272 2668 302 2722 id
315 2673 364 2730 est,
379 2668 465 2722 timeo
477 2666 588 2721 Danaos
600 2671 629 2722 et
641 2667 715 2721 dona
726 2667 868 2721 ferentis.'’

122 2754 163 2809 Sic
175 2758 250 2811 fatus
264 2755 363 2809 validis
376 2755 516 2823 ingentem
530 2754 635 2807 viribus
647 2755 755 2810 hastam

122 2840 153 2895 Iu
164 2843 235 2897 latus
244 2845 330 2912 inque
342 2841 396 2895 feri
409 2857 521 2895 curvam
535 2841 714 2911 compagibus
727 2841 818 2896 alvum

123 2929 270 2985 Ooutorsit.
309 2929 393 2984 Stetit
406 2928 454 2982 illa
466 2932 594 2997 tremens,
610 2934 742 2998 uteroque
755 2946 864 2984 recusso

123 3015 271 3072 Insonuere
284 3034 368 3072 cavae
380 3016 568 3084 gemitumque
580 3015 681 3070 dedere
693 3033 835 3071 cavernae.

15 3105 17 3114 '
123 3104 164 3174 Et,
183 3107 204 3160 si
217 3107 280 3160 fata
291 3105 384 3172 deum,
399 3103 422 3156 si
435 3120 513 3157 mens
526 3120 581 3157 non
596 3103 674 3158 laeva
686 3105 792 3171 fuisset,

124 3190 273 3262 Impulerat
284 3194 363 3246 ferro
377 3191 523 3258 Argolicas
535 3191 649 3245 foedare
661 3191 787 3259 latebras,

124 3278 256 3350 Troiaque
269 3297 343 3333 nunc
355 3284 451 3345 stares,
465 3278 624 3347 Priamique
637 3295 686 3333 arx
700 3278 756 3333 alta
768 3296 900 3334 maneres.

156 3367 235 3433 Ecce,
249 3384 347 3422 manus
359 3367 488 3420 iuvenem
500 3366 606 3420 interea
619 3371 682 3435 post
690 3372 769 3434 terga
781 3369 935 3421 revinctum

125 3453 250 3508 Pastores
262 3471 363 3523 magno
377 3454 411 3508 ad
424 3469 515 3522 regem
532 3453 651 3507 clamore
665 3453 813 3508 trahebant

125 3537 305 3609 Dardanidae,
320 3541 367 3610 qui
380 3557 408 3594 se
421 3541 547 3610 ignotum
561 3541 736 3594 venientibus
749 3540 830 3609 ultro,
