2706 3938
436 237 574 286 vulturni
598 237 761 286 intumos
784 237 828 288 IV.

120 398 293 469 Nequiquam
306 401 462 467 horremus,
477 401 608 468 caecique
620 401 649 452 in
663 399 783 452 nubibus
796 400 874 467 ignes

120 487 285 541 Terrificant
297 487 405 541 animos
419 491 447 539 et
459 487 552 540 inania
564 503 707 540 murmura
720 487 855 542 miscenti

121 574 242 642 Femina,
258 590 328 643 quae
341 573 444 628 nostris
457 589 550 627 errans
563 575 592 626 in
604 573 706 627 finibus
718 574 815 628 urbem

120 661 255 730 Exiguam
269 661 358 729 pretio
372 661 473 729 posuit,
488 663 532 714 cni
545 660 611 714 litus
624 661 757 715 arandum

122 748 228 818 Cuique
240 748 295 802 loci
307 748 381 818 leges
392 747 525 816 dedimus,
540 749 658 803 conubia
668 754 765 802 nostra

121 835 253 904 Reppulit
265 852 298 888 ac
310 835 451 888 dominum
467 835 581 888 Aenean
590 836 618 888 iu
632 852 717 904 regna
729 836 840 905 recepit

121 923 156 975 Et
169 939 244 976 nunc
256 922 303 976 ille
316 923 395 976 Paris
407 938 471 975 cum
484 923 613 976 semiviro
626 923 767 990 comitatu,

120 1010 250 1064 Maeonia
262 1015 386 1063 mentum
399 1011 483 1063 mitra
495 1010 653 1079 crinemque
666 1010 822 1064 madentem

121 1098 276 1166 subnexus,
291 1102 371 1166 rapto
384 1097 506 1166 potitur:
526 1113 578 1150 nos
591 1115 705 1152 munera
717 1098 828 1167 templis

121 1185 233 1255 Quippe
244 1184 299 1239 tuis
310 1185 434 1252 ierimus,
448 1185 606 1254 famamque
618 1185 744 1238 fovemus
755 1184 894 1241 inanem.”

156 1275 269 1328 Talibus
282 1279 407 1328 orantem
420 1273 502 1326 dictis
514 1289 630 1343 arasque
643 1279 783 1328 tenentem

121 1362 221 1415 Audiit
235 1361 417 1429 omnipotens,
433 1360 581 1430 oculosque
595 1361 630 1415 ad
643 1361 754 1415 moenia
766 1361 849 1415 torsit

121 1449 210 1517 Regia
222 1455 251 1502 et
264 1447 364 1502 oblitos
376 1448 466 1502 famae
480 1448 600 1502 melioris
612 1448 737 1502 amantis.

121 1536 191 1588 Tum
205 1536 245 1589 sic
257 1535 423 1588 Mercurium
436 1534 593 1605 adloquitur
605 1551 637 1590 ac
649 1535 716 1590 talia
728 1536 855 1591 mandat:

122 1625 139 1652 ‘⁴
147 1622 229 1676 Vade
242 1639 300 1691 age,
314 1627 386 1685 nate,
402 1638 471 1676 voca
482 1621 622 1691 Zephyros
635 1627 663 1676 et
675 1622 766 1676 labere
780 1624 883 1692 pennis,

120 1709 346 1778 Dardaniumque
360 1709 465 1778 ducem,
480 1709 564 1777 Tyria
575 1709 748 1778 Karthagine
761 1711 807 1779 qui
819 1727 892 1765 nunc

119 1797 280 1866 Exspectat,
296 1797 416 1866 fatisque
428 1799 507 1853 datas
519 1816 575 1853 non
587 1801 701 1869 respicit
713 1802 802 1869 urbes,

119 1885 282 1954 Adloquere
298 1890 326 1938 et
338 1886 435 1939 celeris
447 1886 524 1940 defer
536 1904 597 1942 mea
610 1887 685 1942 dicta
697 1905 747 1956 per
759 1903 847 1942 auras.

120 1974 185 2029 Non
199 1975 276 2028 illum
290 1976 370 2029 nobis
383 1977 509 2044 genetrix
523 1978 709 2046 pulcherrima
721 1977 805 2031 talem

119 2065 254 2118 Promisit
268 2064 436 2135 Graiumque
448 2066 510 2120 ideo
522 2067 565 2120 bis
577 2066 701 2120 vindicat
714 2066 811 2133 armis3

119 2151 176 2204 Sed
188 2152 259 2220 fore,
274 2153 320 2222 qui
333 2153 474 2222 gravidam
486 2154 608 2222 imperiis
620 2153 746 2222 belloque
764 2153 928 2206 frementem

120 2238 230 2298 Italiam
245 2245 360 2308 regeret,
377 2257 463 2308 genus
476 2239 533 2295 alto
547 2257 562 2294 a
575 2241 709 2309 sanguine
722 2240 819 2294 Teucri

119 2325 265 2392 Proderet‚
281 2344 313 2380 ac
325 2332 414 2380 totum
428 2328 480 2381 sub
489 2328 564 2397 leges
576 2329 700 2383 mitteret
713 2327 816 2382 orbem.

120 2413 149 2467 Si
162 2413 241 2467 nulla
253 2415 380 2468 accendit
393 2421 534 2470 tantarum
547 2417 634 2485 gloria
647 2433 739 2471 rerum

119 2499 180 2554 Nec
194 2517 278 2570 super
290 2502 349 2571 ipse
362 2519 411 2556 sua
422 2503 537 2558 molitur
547 2504 628 2559 lande
640 2505 772 2571 laborem,

119 2589 280 2643 Ascanione
292 2594 371 2658 pater
383 2589 524 2646 Romanas
535 2592 642 2646 invidet
656 2592 751 2646 arceat

119 2675 194 2741 Quid
208 2677 310 2730 struiti
331 2681 378 2731 aut
391 2695 446 2747 qua
458 2695 514 2748 spe,
528 2679 640 2734 inimica
653 2680 680 2732 in
694 2684 785 2748 geute,
798 2682 930 2746 moratur,

118 2761 179 2817 Nec
192 2763 300 2832 prolem
314 2765 467 2819 Ausoniam
481 2772 509 2820 et
521 2767 637 2821 Lavinia
649 2767 761 2835 respicit
774 2766 857 2820 arval

118 2849 257 2919 Naviget:
279 2851 347 2906 haec
360 2869 466 2907 summa
480 2859 535 2920 cst3
555 2854 600 2908 hic
614 2855 700 2908 nostri
715 2853 828 2907 nuntius
841 2851 928 2906 esto.”

153 2937 281 2993 Dixerat.
320 2939 371 2994 Ille
384 2941 471 3009 patris
483 2942 574 3009 magui
589 2958 686 3010 parere
698 2941 814 3009 parabat

116 3025 257 3095 Imperio:
279 3031 307 3080 et
319 3027 440 3096 primum
453 3028 570 3096 pedibus
582 3028 679 3082 talaria
691 3029 785 3092 nectit,

117 3114 220 3181 Aurea,
237 3131 308 3183 quae
321 3115 466 3169 sublimem
480 3115 530 3169 alis
543 3117 601 3169 sive
614 3131 734 3184 aequora
746 3133 829 3184 snpra

117 3201 171 3255 Seu
181 3207 286 3256 terram
300 3201 398 3272 rapido
410 3203 515 3271 pariter
528 3219 589 3255 cum
602 3202 713 3256 flamine
724 3207 854 3271 portant;

116 3287 185 3342 Tum
199 3289 307 3358 virgam
322 3289 484 3357 capit-hac
498 3291 603 3342 animus
616 3289 662 3343 ille
675 3295 772 3343 evocat
785 3289 858 3342 Orco

117 3375 259 3444 Pallantis,
269 3376 338 3430 alias
352 3377 403 3429 sub
416 3375 528 3430 Tartara
542 3376 632 3430 tristia
644 3377 739 3442 mittit,

117 3462 171 3518 Dat
183 3481 297 3518 somnos
309 3462 471 3530 adimitque,
486 3467 515 3516 et
527 3463 632 3517 lumina
643 3469 732 3517 morte
746 3445 912 3530 resignat:-

115 3549 165 3606 llla
176 3553 268 3607 fretus
281 3552 341 3620 agit
354 3541 463 3619 ventos,
478 3554 506 3604 et
518 3549 628 3604 turbida
643 3555 735 3605 tranat
