2668 3942
510 237 648 286 vanum
670 238 836 287 anninus
857 239 915 287 XII.

205 402 244 456 Te
256 419 355 471 penem
375 403 405 455 in
416 409 446 455 te
458 403 548 455 omnis
560 403 658 455 domus
670 402 801 455 inclinata
813 403 984 455 recumbit-

206 490 298 543 Unnm
311 507 376 544 oro:
396 490 498 542 desiste
511 506 623 542 manum
635 491 809 542 committere
821 489 940 542 Teucris

205 577 260 642 Qui
272 583 301 630 te
313 593 430 645 cumque
442 585 555 630 manent
567 577 622 628 isto
634 579 786 629 certamine
798 593 883 644 casus,

203 664 241 717 Et
253 681 306 732 me,
321 664 420 728 Turne,
435 672 564 716 manent:
585 663 666 716 simul
679 664 748 716 haec
760 663 850 716 invisa
862 663 1016 731 relinquam

204 751 329 818 Lumine,
343 767 394 804 nec
406 766 538 818 generum
551 752 669 803 Aenean
680 750 792 819 captiva
804 751 929 804 videbo.'’

205 839 323 906 Accepit
334 854 431 891 vocem
443 837 564 891 lacrimis
575 837 691 891 Lavinia
702 839 799 891 maun

204 926 359 993 flagrantis
371 926 484 993 perfusa
495 941 588 992 ganas,
603 926 647 978 cui
659 925 795 994 plurimus
806 927 898 994 ignem

205 1012 326 1066 Subiecit
338 1013 431 1080 rubor,
446 1021 474 1066 et
486 1013 620 1066 calefacta
631 1031 681 1082 per
693 1030 743 1067 ora
754 1016 883 1069 cucurrit.

204 1102 303 1156 lndura
317 1101 466 1169 sanguineo
480 1101 565 1154 veluti
578 1101 722 1156 violaverit
735 1113 811 1157 ostro

204 1195 234 1248 Si
247 1194 308 1262 quis
320 1193 397 1260 ebnr,
411 1201 460 1246 ant
472 1193 560 1246 mixta
572 1194 674 1246 rubent
685 1195 733 1246 nbi
746 1193 802 1248 lilia
813 1195 902 1250 multa

204 1283 279 1337 Alba
290 1297 369 1334 rosa:
389 1280 454 1333 talis
465 1280 543 1347 virgo
556 1280 640 1336 dabat
651 1299 700 1336 ore
712 1283 826 1337 colores.

204 1373 285 1426 illum
298 1370 393 1423 turbat
406 1387 491 1436 amor,
507 1371 621 1439 figitque
633 1372 662 1423 in
676 1373 783 1440 virgine
794 1374 893 1428 voltus.

204 1459 294 1513 Ardet
305 1458 335 1510 in
348 1475 425 1511 arma
436 1460 530 1526 magis,
547 1461 693 1528 paucisque
706 1460 815 1514 adfatur
827 1463 972 1516 Amatam:

206 1551 222 1577 “
233 1547 284 1613 Ne,
299 1564 409 1616 quaeso,
423 1565 459 1602 ne
471 1566 516 1602 me
529 1549 656 1616 lacrimis,
670 1566 741 1604 neve
754 1551 845 1604 omine
857 1557 936 1605 tanto

125 1667 130 1678 ·
203 1637 373 1706 Prosequere
386 1637 415 1690 in
428 1637 489 1690 duri
503 1640 653 1692 certamina
665 1639 763 1693 Martis
775 1646 896 1708 euntem,

204 1725 228 1778 Ο
240 1733 345 1792 mater,
366 1743 455 1795 neque
469 1727 541 1780 enim
555 1728 648 1780 Turno
660 1745 740 1781 mora
751 1729 839 1782 libera
849 1729 954 1782 mortis

203 1813 324 1867 Nuntius
336 1815 412 1883 haec,
428 1815 535 1884 Idmon,
551 1816 674 1884 Phrygio
685 1833 748 1869 mea
760 1815 835 1869 diota
846 1825 967 1881 tyranno

204 1901 284 1954 Haud
300 1903 435 1972 placitura
447 1905 537 1957 refer:
558 1903 628 1957 Onm
641 1904 760 1971 primum
774 1903 894 1956 crastina
906 1901 980 1954 caelo

202 1989 331 2044 Puniceis
343 1992 453 2044 invecta
465 1992 533 2045 rotis
547 1991 656 2044 Aurora
668 1990 788 2057 rubebit,

203 2075 267 2130 Non
279 2078 400 2133 Teucros
413 2085 477 2148 agat
488 2081 516 2132 in
530 2079 664 2144 Rutulos3
689 2078 823 2131 Teucrum
838 2094 915 2131 arma
927 2076 1079 2145 quiescant,

202 2163 238 2218 Et
251 2165 345 2219 Rutuli
356 2186 362 2228 ;
384 2173 478 2218 nostro
492 2166 652 2219 dirimamus
665 2165 797 2233 sanguine
809 2164 929 2231 bellurn,

202 2250 253 2304 Illo
267 2259 414 2322 quaeratur
428 2254 546 2306 coniunx
560 2253 674 2306 Lavinia
686 2251 845 2321 camp0.''l

237 2339 314 2395 Haeo
327 2341 374 2394 nbi
387 2339 462 2393 dicta
474 2339 558 2407 dedit,
574 2339 739 2408 rapidusque
751 2339 781 2391 in
793 2343 868 2392 tecta
879 2337 1001 2404 recessit,

201 2425 296 2481 Poscit
309 2445 401 2496 equos,
418 2427 572 2495 gaudetque
585 2433 665 2480 tuens
679 2433 744 2480 ante
756 2443 806 2480 ora
818 2426 967 2492 frementis,

201 2512 329 2566 Pilumno
343 2532 412 2583 quos
424 2516 482 2582 ipsa
495 2515 578 2566 decus
590 2513 666 2567 dedit
679 2513 815 2581 Orithyia,

202 2599 255 2664 Qui
268 2602 389 2656 candore
403 2603 481 2654 nives
495 2601 639 2669 anteirent,
655 2601 779 2654 cursibus
791 2617 879 2654 aurae.

202 2685 388 2742 Circumstant
400 2688 511 2757 properi
525 2688 636 2754 aurigae
648 2688 828 2756 manibusque
840 2687 979 2740 lacessunt

201 2773 319 2828 Pectora
331 2775 427 2845 plausa
440 2775 514 2828 cavis
527 2781 554 2827 et
568 2774 638 2827 colla
651 2775 790 2828 comantia
801 2778 924 2842 pectunt.

200 2859 262 2930 lpse
275 2863 375 2916 dehinc
388 2880 456 2916 auro
469 2849 637 2930 squalentem
651 2861 767 2930 alboque
780 2860 918 2914 orichalco

201 2947 360 3002 Circumdat
373 2949 486 3002 loricam
500 2948 617 3012 umeris3
639 2947 720 2999 simul
735 2951 810 3016 aptat
824 2946 950 3001 habendo

200 3034 355 3104 Ensemque
368 3035 540 3103 clipeumque
554 3043 581 3086 et
595 3034 693 3087 rubrae
706 3051 810 3086 cornua
821 3034 936 3099 cristae;

200 3119 308 3180 Ensem,
324 3139 403 3190 quem
418 3122 517 3175 Dauno
529 3121 687 3190 ignipotens
700 3121 767 3173 deus
779 3121 837 3188 ipse
850 3120 957 3189 parenti

201 3206 314 3261 Fecerat
326 3215 354 3260 et
368 3207 464 3274 Stygia
477 3209 639 3262 candentem
653 3208 774 3260 tinxerat
788 3206 868 3260 unda.

200 3293 278 3348 Exin.
294 3311 363 3362 quae
376 3295 474 3348 mediis
488 3297 589 3362 ingenti
605 3294 706 3347 adnixa
719 3294 864 3346 columnae

200 3378 324 3431 Aedibus
337 3380 451 3446 astabat,
468 3381 583 3434 validam
599 3381 624 3432 vi
640 3381 753 3448 corripit
765 3379 881 3447 hastam,

201 3465 313 3516 Actoris
327 3465 452 3518 Aurunci
464 3468 588 3534 spolium,
605 3473 767 3536 quassatque
780 3473 954 3534 trementem,

200 3547 383 3605 Vociferans:
407 3551 423 3579 “
433 3550 523 3620 Nune,
539 3569 717 3622 enumquam
731 3555 862 3607 frustrata
874 3562 987 3612 vocatus
