<?xml version="1.0" encoding="UTF-8"?>
<!DOCTYPE html PUBLIC "-//W3C//DTD XHTML 1.0 Transitional//EN"
    "http://www.w3.org/TR/xhtml1/DTD/xhtml1-transitional.dtd">
<html xmlns="http://www.w3.org/1999/xhtml" xml:lang="en" lang="en">
 <head>
  <title>
</title>
<meta http-equiv="Content-Type" content="text/html;charset=utf-8" />
  <meta name='ocr-system' content='tesseract 3.04.00' />
  <meta name='ocr-capabilities' content='ocr_page ocr_carea ocr_par ocr_line ocrx_word'/>
</head>
<body>
  <div class='ocr_page' id='page_1' title='image "./arevisedtextpoe00virggoog_0311.png"; bbox 0 0 2656 3940; ppageno 0'>
   <div class='ocr_carea' id='block_1_1' title="bbox 427 191 816 242">
    <p class='ocr_par' dir='ltr' id='par_1_1' title="bbox 427 191 816 242">
     <span class='ocr_line' id='line_1_1' title="bbox 427 191 816 242; baseline 0 0"><span class='ocrx_word' id='word_1_1' title='bbox 427 191 564 242; x_wconf 76' lang='lat' dir='ltr'>vusserhl</span> <span class='ocrx_word' id='word_1_2' title='bbox 586 191 750 242; x_wconf 74' lang='lat' dir='ltr'>auuamos</span> <span class='ocrx_word' id='word_1_3' title='bbox 773 193 816 242; x_wconf 91' lang='lat' dir='ltr'>IX.</span> 
     </span>
    </p>
   </div>
   <div class='ocr_carea' id='block_1_2' title="bbox 51 353 1126 2888">
    <p class='ocr_par' dir='ltr' id='par_1_2' title="bbox 115 353 889 510">
     <span class='ocr_line' id='line_1_2' title="bbox 116 353 889 422; baseline 0.003 -15"><span class='ocrx_word' id='word_1_4' title='bbox 116 354 171 409; x_wconf 88' lang='lat' dir='ltr'>Hae</span> <span class='ocrx_word' id='word_1_5' title='bbox 182 353 237 407; x_wconf 89' lang='lat' dir='ltr'>iter</span> <span class='ocrx_word' id='word_1_6' title='bbox 249 359 299 408; x_wconf 89' lang='lat' dir='ltr'>est.</span> <span class='ocrx_word' id='word_1_7' title='bbox 338 353 387 422; x_wconf 89' lang='lat' dir='ltr'>Tu,</span> <span class='ocrx_word' id='word_1_8' title='bbox 402 353 437 407; x_wconf 90' lang='lat' dir='ltr'>ne</span> <span class='ocrx_word' id='word_1_9' title='bbox 450 370 503 422; x_wconf 92' lang='lat' dir='ltr'>qua</span> <span class='ocrx_word' id='word_1_10' title='bbox 514 369 613 407; x_wconf 85' lang='lat' dir='ltr'>manus</span> <span class='ocrx_word' id='word_1_11' title='bbox 626 369 655 406; x_wconf 87' lang='lat' dir='ltr'>se</span> <span class='ocrx_word' id='word_1_12' title='bbox 667 353 795 407; x_wconf 81' lang='lat' dir='ltr'>attollere</span> <span class='ocrx_word' id='word_1_13' title='bbox 807 354 889 409; x_wconf 84' lang='lat' dir='ltr'>nobie</span> 
     </span>
     <span class='ocr_line' id='line_1_3' title="bbox 115 440 738 510; baseline -0.006 -13"><span class='ocrx_word' id='word_1_14' title='bbox 115 445 228 510; x_wconf 80' lang='lat' dir='ltr'>Atergo</span> <span class='ocrx_word' id='word_1_15' title='bbox 240 443 336 510; x_wconf 78' lang='lat' dir='ltr'>possit,</span> <span class='ocrx_word' id='word_1_16' title='bbox 352 441 461 495; x_wconf 78' lang='lat' dir='ltr'>custodi</span> <span class='ocrx_word' id='word_1_17' title='bbox 474 447 502 494; x_wconf 91' lang='lat' dir='ltr'>et</span> <span class='ocrx_word' id='word_1_18' title='bbox 515 440 628 494; x_wconf 85' lang='lat' dir='ltr'>oonsule</span> <span class='ocrx_word' id='word_1_19' title='bbox 640 441 738 509; x_wconf 80' lang='lat' dir='ltr'>longe3</span> 
     </span>
    </p>

    <p class='ocr_par' dir='ltr' id='par_1_3' title="bbox 114 528 833 598">
     <span class='ocr_line' id='line_1_4' title="bbox 114 528 833 598; baseline -0.004 -14"><span class='ocrx_word' id='word_1_20' title='bbox 114 533 183 586; x_wconf 83' lang='lat' dir='ltr'>Haec</span> <span class='ocrx_word' id='word_1_21' title='bbox 197 546 249 598; x_wconf 82' lang='lat' dir='ltr'>age</span> <span class='ocrx_word' id='word_1_22' title='bbox 264 534 341 582; x_wconf 86' lang='lat' dir='ltr'>vasta</span> <span class='ocrx_word' id='word_1_23' title='bbox 353 528 434 594; x_wconf 89' lang='lat' dir='ltr'>dabo,</span> <span class='ocrx_word' id='word_1_24' title='bbox 450 535 478 582; x_wconf 88' lang='lat' dir='ltr'>et</span> <span class='ocrx_word' id='word_1_25' title='bbox 490 529 547 582; x_wconf 86' lang='lat' dir='ltr'>lato</span> <span class='ocrx_word' id='word_1_26' title='bbox 563 533 592 582; x_wconf 88' lang='lat' dir='ltr'>te</span> <span class='ocrx_word' id='word_1_27' title='bbox 604 528 692 582; x_wconf 89' lang='lat' dir='ltr'>limite</span> <span class='ocrx_word' id='word_1_28' title='bbox 706 528 833 583; x_wconf 83' lang='lat' dir='ltr'>duoam.”</span> 
     </span>
    </p>

    <p class='ocr_par' dir='ltr' id='par_1_4' title="bbox 111 615 1126 860">
     <span class='ocr_line' id='line_1_5' title="bbox 113 615 948 685; baseline -0.002 -11"><span class='ocrx_word' id='word_1_29' title='bbox 113 620 154 674; x_wconf 84' lang='lat' dir='ltr'>Sie</span> <span class='ocrx_word' id='word_1_30' title='bbox 166 621 310 685; x_wconf 88' lang='lat' dir='ltr'>memorat,</span> <span class='ocrx_word' id='word_1_31' title='bbox 325 631 476 684; x_wconf 79' lang='lat' dir='ltr'>vocemque</span> <span class='ocrx_word' id='word_1_32' title='bbox 490 615 608 684; x_wconf 88' lang='lat' dir='ltr'>premit;</span> <span class='ocrx_word' id='word_1_33' title='bbox 629 615 710 669; x_wconf 93' lang='lat' dir='ltr'>simul</span> <span class='ocrx_word' id='word_1_34' title='bbox 724 631 788 670; x_wconf 87' lang='lat' dir='ltr'>ense</span> <span class='ocrx_word' id='word_1_35' title='bbox 801 618 948 685; x_wconf 89' lang='lat' dir='ltr'>superbum</span> 
     </span>
     <span class='ocr_line' id='line_1_6' title="bbox 112 702 1126 772; baseline 0 -16"><span class='ocrx_word' id='word_1_36' title='bbox 112 707 292 762; x_wconf 72' lang='lat' dir='ltr'><strong>Rhamnetem</strong></span> <span class='ocrx_word' id='word_1_37' title='bbox 306 702 472 772; x_wconf 75' lang='lat' dir='ltr'>aggreditur,</span> <span class='ocrx_word' id='word_1_38' title='bbox 489 703 535 771; x_wconf 88' lang='lat' dir='ltr'>qui</span> <span class='ocrx_word' id='word_1_39' title='bbox 548 703 621 755; x_wconf 79' lang='lat' dir='ltr'>forte</span> <span class='ocrx_word' id='word_1_40' title='bbox 634 703 774 772; x_wconf 74' lang='lat' dir='ltr'><strong>tapetibus</strong></span> <span class='ocrx_word' id='word_1_41' title='bbox 786 703 850 756; x_wconf 88' lang='lat' dir='ltr'>altis</span> <span class='ocrx_word' id='word_1_42' title='bbox 1075 711 1126 762; x_wconf 70' lang='grc'>331</span> 
     </span>
     <span class='ocr_line' id='line_1_7' title="bbox 111 788 772 860; baseline -0.006 -12"><span class='ocrx_word' id='word_1_43' title='bbox 111 795 273 850; x_wconf 83' lang='lat' dir='ltr'>Exstruotus</span> <span class='ocrx_word' id='word_1_44' title='bbox 284 799 346 847; x_wconf 90' lang='lat' dir='ltr'>toto</span> <span class='ocrx_word' id='word_1_45' title='bbox 360 788 496 860; x_wconf 85' lang='lat' dir='ltr'>proflabat</span> <span class='ocrx_word' id='word_1_46' title='bbox 510 797 622 858; x_wconf 91' lang='lat' dir='ltr'>peetore</span> <span class='ocrx_word' id='word_1_47' title='bbox 635 807 772 858; x_wconf 90' lang='lat' dir='ltr'>somnum,</span> 
     </span>
    </p>

    <p class='ocr_par' dir='ltr' id='par_1_5' title="bbox 112 877 783 952">
     <span class='ocr_line' id='line_1_8' title="bbox 112 877 783 952; baseline -0.006 -16"><span class='ocrx_word' id='word_1_48' title='bbox 112 883 167 937; x_wconf 88' lang='lat' dir='ltr'>Rex</span> <span class='ocrx_word' id='word_1_49' title='bbox 178 884 260 952; x_wconf 91' lang='lat' dir='ltr'>idem,</span> <span class='ocrx_word' id='word_1_50' title='bbox 276 889 306 938; x_wconf 86' lang='lat' dir='ltr'>et</span> <span class='ocrx_word' id='word_1_51' title='bbox 318 884 376 952; x_wconf 86' lang='lat' dir='ltr'>regi</span> <span class='ocrx_word' id='word_1_52' title='bbox 389 882 482 935; x_wconf 92' lang='lat' dir='ltr'>Turno</span> <span class='ocrx_word' id='word_1_53' title='bbox 496 877 668 946; x_wconf 85' lang='lat' dir='ltr'>gratissimus</span> <span class='ocrx_word' id='word_1_54' title='bbox 681 894 783 946; x_wconf 70' lang='lat' dir='ltr'>augur,</span> 
     </span>
    </p>

    <p class='ocr_par' dir='ltr' id='par_1_6' title="bbox 112 964 742 1040">
     <span class='ocr_line' id='line_1_9' title="bbox 112 964 742 1040; baseline -0.008 -17"><span class='ocrx_word' id='word_1_55' title='bbox 112 970 161 1024; x_wconf 85' lang='lat' dir='ltr'>Sed</span> <span class='ocrx_word' id='word_1_56' title='bbox 173 989 228 1026; x_wconf 94' lang='lat' dir='ltr'>non</span> <span class='ocrx_word' id='word_1_57' title='bbox 242 972 358 1040; x_wconf 88' lang='lat' dir='ltr'>augurio</span> <span class='ocrx_word' id='word_1_58' title='bbox 371 969 461 1038; x_wconf 91' lang='lat' dir='ltr'>potuit</span> <span class='ocrx_word' id='word_1_59' title='bbox 478 964 615 1034; x_wconf 79' lang='lat' dir='ltr'>depellere</span> <span class='ocrx_word' id='word_1_60' title='bbox 627 970 742 1032; x_wconf 90' lang='lat' dir='ltr'>pestem.</span> 
     </span>
    </p>

    <p class='ocr_par' dir='ltr' id='par_1_7' title="bbox 111 1051 1126 1305">
     <span class='ocr_line' id='line_1_10' title="bbox 112 1051 789 1114; baseline -0.006 -4"><span class='ocrx_word' id='word_1_61' title='bbox 112 1056 166 1112; x_wconf 90' lang='lat' dir='ltr'>Tris</span> <span class='ocrx_word' id='word_1_62' title='bbox 180 1061 256 1114; x_wconf 86' lang='lat' dir='ltr'>iuxta</span> <span class='ocrx_word' id='word_1_63' title='bbox 268 1059 387 1113; x_wconf 84' lang='lat' dir='ltr'>famulos</span> <span class='ocrx_word' id='word_1_64' title='bbox 400 1063 504 1111; x_wconf 90' lang='lat' dir='ltr'>temere</span> <span class='ocrx_word' id='word_1_65' title='bbox 518 1053 592 1106; x_wconf 87' lang='lat' dir='ltr'>inter</span> <span class='ocrx_word' id='word_1_66' title='bbox 605 1051 660 1106; x_wconf 90' lang='lat' dir='ltr'>tela</span> <span class='ocrx_word' id='word_1_67' title='bbox 672 1052 789 1106; x_wconf 82' lang='lat' dir='ltr'>iacentis</span> 
     </span>
     <span class='ocr_line' id='line_1_11' title="bbox 112 1141 1126 1216; baseline -0.005 -18"><span class='ocrx_word' id='word_1_68' title='bbox 112 1149 340 1216; x_wconf 72' lang='lat' dir='ltr'>armigerumque</span> <span class='ocrx_word' id='word_1_69' title='bbox 353 1146 434 1199; x_wconf 83' lang='lat' dir='ltr'>Remi</span> <span class='ocrx_word' id='word_1_70' title='bbox 448 1143 550 1212; x_wconf 87' lang='lat' dir='ltr'>premit</span> <span class='ocrx_word' id='word_1_71' title='bbox 567 1141 742 1208; x_wconf 80' lang='lat' dir='ltr'>aurigamque</span> <span class='ocrx_word' id='word_1_72' title='bbox 755 1141 805 1194; x_wconf 90' lang='lat' dir='ltr'>sub</span> <span class='ocrx_word' id='word_1_73' title='bbox 818 1141 885 1210; x_wconf 84' lang='lat' dir='ltr'>ipsis</span> <span class='ocrx_word' id='word_1_74' title='bbox 1074 1148 1126 1198; x_wconf 84' lang='grc'>330</span> 
     </span>
     <span class='ocr_line' id='line_1_12' title="bbox 111 1227 805 1305; baseline -0.006 -19"><span class='ocrx_word' id='word_1_75' title='bbox 111 1233 208 1290; x_wconf 81' lang='lat' dir='ltr'>Nactus</span> <span class='ocrx_word' id='word_1_76' title='bbox 221 1237 310 1305; x_wconf 88' lang='lat' dir='ltr'>equis,</span> <span class='ocrx_word' id='word_1_77' title='bbox 324 1236 455 1302; x_wconf 83' lang='lat' dir='ltr'>ferroque</span> <span class='ocrx_word' id='word_1_78' title='bbox 470 1237 544 1286; x_wconf 87' lang='lat' dir='ltr'>seeat</span> <span class='ocrx_word' id='word_1_79' title='bbox 557 1228 706 1298; x_wconf 88' lang='lat' dir='ltr'>pendentia</span> <span class='ocrx_word' id='word_1_80' title='bbox 719 1227 805 1295; x_wconf 85' lang='lat' dir='ltr'>eolle;</span> 
     </span>
    </p>

    <p class='ocr_par' dir='ltr' id='par_1_8' title="bbox 111 1315 920 1478">
     <span class='ocr_line' id='line_1_13' title="bbox 111 1315 920 1392; baseline -0.005 -19"><span class='ocrx_word' id='word_1_81' title='bbox 111 1320 174 1374; x_wconf 88' lang='lat' dir='ltr'>Tum</span> <span class='ocrx_word' id='word_1_82' title='bbox 186 1329 270 1392; x_wconf 84' lang='lat' dir='ltr'>eaput</span> <span class='ocrx_word' id='word_1_83' title='bbox 284 1323 337 1390; x_wconf 88' lang='lat' dir='ltr'>ipsi</span> <span class='ocrx_word' id='word_1_84' title='bbox 351 1321 442 1375; x_wconf 82' lang='lat' dir='ltr'>aufert</span> <span class='ocrx_word' id='word_1_85' title='bbox 457 1318 577 1383; x_wconf 91' lang='lat' dir='ltr'>domino,</span> <span class='ocrx_word' id='word_1_86' title='bbox 593 1323 776 1384; x_wconf 86' lang='lat' dir='ltr'>truuoumque</span> <span class='ocrx_word' id='word_1_87' title='bbox 789 1315 920 1385; x_wconf 83' lang='lat' dir='ltr'>relinquit</span> 
     </span>
     <span class='ocr_line' id='line_1_14' title="bbox 111 1408 819 1478; baseline -0.003 -17"><span class='ocrx_word' id='word_1_88' title='bbox 111 1408 240 1478; x_wconf 76' lang='lat' dir='ltr'>Sanguine</span> <span class='ocrx_word' id='word_1_89' title='bbox 253 1411 453 1478; x_wconf 83' lang='lat' dir='ltr'>singultantem</span> <span class='ocrx_word' id='word_1_90' title='bbox 465 1428 473 1477; x_wconf 72' lang='grc' dir='ltr'><strong>ς</strong></span> <span class='ocrx_word' id='word_1_91' title='bbox 494 1413 556 1462; x_wconf 87' lang='lat' dir='ltr'>atro</span> <span class='ocrx_word' id='word_1_92' title='bbox 570 1408 709 1476; x_wconf 78' lang='lat' dir='ltr'>tepefacta</span> <span class='ocrx_word' id='word_1_93' title='bbox 721 1424 819 1460; x_wconf 86' lang='lat' dir='ltr'>eruore</span> 
     </span>
    </p>

    <p class='ocr_par' dir='ltr' id='par_1_9' title="bbox 111 1493 1013 1652">
     <span class='ocr_line' id='line_1_15' title="bbox 112 1493 1013 1568; baseline -0.001 -20"><span class='ocrx_word' id='word_1_94' title='bbox 112 1495 187 1552; x_wconf 84' lang='lat' dir='ltr'>Terra</span> <span class='ocrx_word' id='word_1_95' title='bbox 198 1501 310 1568; x_wconf 88' lang='lat' dir='ltr'>torique</span> <span class='ocrx_word' id='word_1_96' title='bbox 324 1498 445 1551; x_wconf 88' lang='lat' dir='ltr'>madent.</span> <span class='ocrx_word' id='word_1_97' title='bbox 485 1496 512 1549; x_wconf 92' lang='lat' dir='ltr'>N</span> <span class='ocrx_word' id='word_1_98' title='bbox 514 1513 545 1552; x_wconf 86' lang='lat' dir='ltr'>eo</span> <span class='ocrx_word' id='word_1_99' title='bbox 560 1512 615 1548; x_wconf 90' lang='lat' dir='ltr'>non</span> <span class='ocrx_word' id='word_1_100' title='bbox 628 1495 831 1562; x_wconf 82' lang='lat' dir='ltr'>Lamyrumque</span> <span class='ocrx_word' id='word_1_101' title='bbox 845 1493 1013 1562; x_wconf 73' lang='lat' dir='ltr'>hamumque</span> 
     </span>
     <span class='ocr_line' id='line_1_16' title="bbox 111 1582 799 1652; baseline -0.001 -17"><span class='ocrx_word' id='word_1_102' title='bbox 111 1582 143 1636; x_wconf 85' lang='lat' dir='ltr'>Et</span> <span class='ocrx_word' id='word_1_103' title='bbox 153 1585 279 1640; x_wconf 87' lang='lat' dir='ltr'>iuvenem</span> <span class='ocrx_word' id='word_1_104' title='bbox 293 1586 450 1650; x_wconf 84' lang='lat' dir='ltr'>Serranum,</span> <span class='ocrx_word' id='word_1_105' title='bbox 465 1584 514 1637; x_wconf 86' lang='lat' dir='ltr'>ille</span> <span class='ocrx_word' id='word_1_106' title='bbox 526 1584 573 1652; x_wconf 91' lang='lat' dir='ltr'>qui</span> <span class='ocrx_word' id='word_1_107' title='bbox 587 1582 704 1650; x_wconf 88' lang='lat' dir='ltr'>plurima</span> <span class='ocrx_word' id='word_1_108' title='bbox 716 1586 799 1634; x_wconf 84' lang='lat' dir='ltr'>noete</span> 
     </span>
    </p>

    <p class='ocr_par' dir='ltr' id='par_1_10' title="bbox 111 1669 724 1741">
     <span class='ocr_line' id='line_1_17' title="bbox 111 1669 724 1741; baseline 0 -19"><span class='ocrx_word' id='word_1_109' title='bbox 111 1669 223 1734; x_wconf 79' lang='lat' dir='ltr'>Luserat.</span> <span class='ocrx_word' id='word_1_110' title='bbox 237 1673 357 1741; x_wconf 85' lang='lat' dir='ltr'>insignis</span> <span class='ocrx_word' id='word_1_111' title='bbox 368 1671 446 1738; x_wconf 87' lang='lat' dir='ltr'>faeie,</span> <span class='ocrx_word' id='word_1_112' title='bbox 463 1670 605 1738; x_wconf 90' lang='lat' dir='ltr'>multoque</span> <span class='ocrx_word' id='word_1_113' title='bbox 618 1670 724 1723; x_wconf 87' lang='lat' dir='ltr'>iaeebat</span> 
     </span>
    </p>

    <p class='ocr_par' dir='ltr' id='par_1_11' title="bbox 110 1753 769 1827">
     <span class='ocr_line' id='line_1_18' title="bbox 110 1753 769 1827; baseline -0.003 -17"><span class='ocrx_word' id='word_1_114' title='bbox 110 1753 224 1815; x_wconf 86' lang='lat' dir='ltr'>Membra</span> <span class='ocrx_word' id='word_1_115' title='bbox 236 1762 289 1814; x_wconf 88' lang='lat' dir='ltr'>deo</span> <span class='ocrx_word' id='word_1_116' title='bbox 302 1761 408 1813; x_wconf 86' lang='lat' dir='ltr'>vietus:</span> <span class='ocrx_word' id='word_1_117' title='bbox 429 1759 503 1827; x_wconf 87' lang='lat' dir='ltr'>felix,</span> <span class='ocrx_word' id='word_1_118' title='bbox 518 1759 540 1810; x_wconf 86' lang='lat' dir='ltr'>si</span> <span class='ocrx_word' id='word_1_119' title='bbox 552 1758 679 1826; x_wconf 86' lang='lat' dir='ltr'>protinus</span> <span class='ocrx_word' id='word_1_120' title='bbox 691 1756 769 1810; x_wconf 91' lang='lat' dir='ltr'>illum</span> 
     </span>
    </p>

    <p class='ocr_par' dir='ltr' id='par_1_12' title="bbox 113 1844 782 1915">
     <span class='ocr_line' id='line_1_19' title="bbox 113 1844 782 1915; baseline 0 -17"><span class='ocrx_word' id='word_1_121' title='bbox 113 1845 255 1915; x_wconf 74' lang='lat' dir='ltr'>Aequamet</span> <span class='ocrx_word' id='word_1_122' title='bbox 267 1846 348 1902; x_wconf 86' lang='lat' dir='ltr'>noeti</span> <span class='ocrx_word' id='word_1_123' title='bbox 359 1846 454 1900; x_wconf 89' lang='lat' dir='ltr'>ludum</span> <span class='ocrx_word' id='word_1_124' title='bbox 468 1847 497 1899; x_wconf 90' lang='lat' dir='ltr'>in</span> <span class='ocrx_word' id='word_1_125' title='bbox 511 1845 654 1914; x_wconf 88' lang='lat' dir='ltr'>lueemque</span> <span class='ocrx_word' id='word_1_126' title='bbox 666 1844 782 1898; x_wconf 79' lang='lat' dir='ltr'>tulisset</span> 
     </span>
    </p>

    <p class='ocr_par' dir='ltr' id='par_1_13' title="bbox 110 1930 775 2003">
     <span class='ocr_line' id='line_1_20' title="bbox 110 1930 775 2003; baseline 0.003 -17"><span class='ocrx_word' id='word_1_127' title='bbox 110 1930 238 2002; x_wconf 77' lang='lat' dir='ltr'>Impastus</span> <span class='ocrx_word' id='word_1_128' title='bbox 251 1952 302 1989; x_wconf 87' lang='lat' dir='ltr'>eeu</span> <span class='ocrx_word' id='word_1_129' title='bbox 314 1933 397 2003; x_wconf 86' lang='lat' dir='ltr'>plena</span> <span class='ocrx_word' id='word_1_130' title='bbox 409 1934 453 1988; x_wconf 91' lang='lat' dir='ltr'>leo</span> <span class='ocrx_word' id='word_1_131' title='bbox 466 1951 516 2003; x_wconf 90' lang='lat' dir='ltr'>per</span> <span class='ocrx_word' id='word_1_132' title='bbox 531 1934 613 1989; x_wconf 88' lang='lat' dir='ltr'>ovilia</span> <span class='ocrx_word' id='word_1_133' title='bbox 625 1936 775 1989; x_wconf 86' lang='lat' dir='ltr'>turbans-</span> 
     </span>
    </p>

    <p class='ocr_par' dir='ltr' id='par_1_14' title="bbox 111 2017 967 2177">
     <span class='ocr_line' id='line_1_21' title="bbox 112 2017 967 2092; baseline 0.009 -22"><span class='ocrx_word' id='word_1_134' title='bbox 112 2017 204 2075; x_wconf 84' lang='lat' dir='ltr'>Suadet</span> <span class='ocrx_word' id='word_1_135' title='bbox 215 2023 289 2076; x_wconf 89' lang='lat' dir='ltr'>enim</span> <span class='ocrx_word' id='word_1_136' title='bbox 306 2038 407 2076; x_wconf 88' lang='lat' dir='ltr'>vesana</span> <span class='ocrx_word' id='word_1_137' title='bbox 419 2019 704 2091; x_wconf 81' lang='lat' dir='ltr'>fames-manditque</span> <span class='ocrx_word' id='word_1_138' title='bbox 718 2023 858 2092; x_wconf 80' lang='lat' dir='ltr'>trahitque</span> <span class='ocrx_word' id='word_1_139' title='bbox 964 2019 967 2026; x_wconf 75' lang='grc'><em>’</em></span> 
     </span>
     <span class='ocr_line' id='line_1_22' title="bbox 111 2105 879 2177; baseline 0.01 -19"><span class='ocrx_word' id='word_1_140' title='bbox 111 2105 184 2161; x_wconf 85' lang='grc'><strong>110110</strong></span> <span class='ocrx_word' id='word_1_141' title='bbox 195 2126 279 2177; x_wconf 81' lang='lat' dir='ltr'>pecus</span> <span class='ocrx_word' id='word_1_142' title='bbox 293 2118 456 2177; x_wconf 90' lang='lat' dir='ltr'>mutumque</span> <span class='ocrx_word' id='word_1_143' title='bbox 471 2115 564 2172; x_wconf 77' lang='lat' dir='ltr'>metu3</span> <span class='ocrx_word' id='word_1_144' title='bbox 586 2111 679 2165; x_wconf 87' lang='lat' dir='ltr'>fremit</span> <span class='ocrx_word' id='word_1_145' title='bbox 692 2129 740 2166; x_wconf 91' lang='lat' dir='ltr'>ore</span> <span class='ocrx_word' id='word_1_146' title='bbox 756 2122 879 2166; x_wconf 86' lang='lat' dir='ltr'>eruente.</span> 
     </span>
    </p>

    <p class='ocr_par' dir='ltr' id='par_1_15' title="bbox 112 2189 778 2269">
     <span class='ocr_line' id='line_1_23' title="bbox 112 2189 778 2269; baseline 0.015 -24"><span class='ocrx_word' id='word_1_147' title='bbox 112 2189 163 2248; x_wconf 85' lang='lat' dir='ltr'>Nee</span> <span class='ocrx_word' id='word_1_148' title='bbox 173 2198 260 2250; x_wconf 89' lang='lat' dir='ltr'>minor</span> <span class='ocrx_word' id='word_1_149' title='bbox 272 2196 389 2264; x_wconf 79' lang='lat' dir='ltr'>Euryali</span> <span class='ocrx_word' id='word_1_150' title='bbox 402 2197 516 2251; x_wconf 82' lang='lat' dir='ltr'>caedes:</span> <span class='ocrx_word' id='word_1_151' title='bbox 537 2197 664 2252; x_wconf 79' lang='lat' dir='ltr'>incensus</span> <span class='ocrx_word' id='word_1_152' title='bbox 677 2205 706 2254; x_wconf 91' lang='lat' dir='ltr'>et</span> <span class='ocrx_word' id='word_1_153' title='bbox 719 2199 778 2269; x_wconf 86' lang='lat' dir='ltr'>ipse</span> 
     </span>
    </p>

    <p class='ocr_par' dir='ltr' id='par_1_16' title="bbox 111 2275 965 2527">
     <span class='ocr_line' id='line_1_24' title="bbox 111 2275 880 2358; baseline 0.012 -26"><span class='ocrx_word' id='word_1_154' title='bbox 111 2279 228 2350; x_wconf 82' lang='lat' dir='ltr'>Perfurit,</span> <span class='ocrx_word' id='word_1_155' title='bbox 243 2302 275 2339; x_wconf 88' lang='lat' dir='ltr'>ao</span> <span class='ocrx_word' id='word_1_156' title='bbox 288 2285 407 2338; x_wconf 89' lang='lat' dir='ltr'>multam</span> <span class='ocrx_word' id='word_1_157' title='bbox 418 2275 553 2339; x_wconf 66' lang='lat' dir='ltr'>in&#39;medio</span> <span class='ocrx_word' id='word_1_158' title='bbox 568 2287 627 2340; x_wconf 88' lang='lat' dir='ltr'>siue</span> <span class='ocrx_word' id='word_1_159' title='bbox 640 2289 752 2342; x_wconf 88' lang='lat' dir='ltr'>nornine</span> <span class='ocrx_word' id='word_1_160' title='bbox 763 2289 880 2358; x_wconf 80' lang='lat' dir='ltr'>plebem,</span> 
     </span>
     <span class='ocr_line' id='line_1_25' title="bbox 111 2365 965 2444; baseline 0.013 -27"><span class='ocrx_word' id='word_1_161' title='bbox 111 2365 258 2440; x_wconf 83' lang='lat' dir='ltr'>Fadumque</span> <span class='ocrx_word' id='word_1_162' title='bbox 271 2372 481 2440; x_wconf 84' lang='lat' dir='ltr'>Herbesumque</span> <span class='ocrx_word' id='word_1_163' title='bbox 495 2373 568 2426; x_wconf 88' lang='lat' dir='ltr'>subit</span> <span class='ocrx_word' id='word_1_164' title='bbox 580 2374 774 2444; x_wconf 88' lang='lat' dir='ltr'>Rhoetumque</span> <span class='ocrx_word' id='word_1_165' title='bbox 788 2376 965 2443; x_wconf 82' lang='lat' dir='ltr'>Abarimque,</span> 
     </span>
     <span class='ocr_line' id='line_1_26' title="bbox 111 2453 895 2527; baseline 0.009 -18"><span class='ocrx_word' id='word_1_166' title='bbox 111 2453 227 2525; x_wconf 62' lang='lat' dir='ltr'>Ignarum</span> <span class='ocrx_word' id='word_1_167' title='bbox 247 2459 396 2525; x_wconf 87' lang='lat' dir='ltr'>Rhoetum,</span> <span class='ocrx_word' id='word_1_168' title='bbox 413 2459 570 2527; x_wconf 84' lang='lat' dir='ltr'>vigilantem</span> <span class='ocrx_word' id='word_1_169' title='bbox 586 2466 614 2515; x_wconf 99' lang='lat' dir='ltr'>et</span> <span class='ocrx_word' id='word_1_170' title='bbox 627 2468 727 2516; x_wconf 88' lang='lat' dir='ltr'>onnota</span> <span class='ocrx_word' id='word_1_171' title='bbox 739 2463 895 2527; x_wconf 78' lang='lat' dir='ltr'>videntem3</span> 
     </span>
    </p>

    <p class='ocr_par' dir='ltr' id='par_1_17' title="bbox 112 2540 816 2618">
     <span class='ocr_line' id='line_1_27' title="bbox 112 2540 816 2618; baseline 0.014 -24"><span class='ocrx_word' id='word_1_172' title='bbox 112 2540 158 2594; x_wconf 84' lang='lat' dir='ltr'>Sed</span> <span class='ocrx_word' id='word_1_173' title='bbox 169 2561 294 2614; x_wconf 85' lang='lat' dir='ltr'>magnum</span> <span class='ocrx_word' id='word_1_174' title='bbox 309 2552 436 2600; x_wconf 85' lang='lat' dir='ltr'>metuens</span> <span class='ocrx_word' id='word_1_175' title='bbox 450 2564 478 2600; x_wconf 87' lang='lat' dir='ltr'>se</span> <span class='ocrx_word' id='word_1_176' title='bbox 490 2553 554 2616; x_wconf 84' lang='lat' dir='ltr'>post</span> <span class='ocrx_word' id='word_1_177' title='bbox 569 2554 676 2604; x_wconf 89' lang='lat' dir='ltr'>oratera</span> <span class='ocrx_word' id='word_1_178' title='bbox 688 2551 816 2618; x_wconf 79' lang='lat' dir='ltr'>tegebat:</span> 
     </span>
    </p>

    <p class='ocr_par' dir='ltr' id='par_1_18' title="bbox 112 2627 820 2691">
     <span class='ocr_line' id='line_1_28' title="bbox 112 2627 820 2691; baseline 0.011 -9"><span class='ocrx_word' id='word_1_179' title='bbox 112 2627 215 2687; x_wconf 82' lang='lat' dir='ltr'>Pectore</span> <span class='ocrx_word' id='word_1_180' title='bbox 227 2635 256 2686; x_wconf 92' lang='lat' dir='ltr'>in</span> <span class='ocrx_word' id='word_1_181' title='bbox 269 2634 388 2688; x_wconf 87' lang='lat' dir='ltr'>adverso</span> <span class='ocrx_word' id='word_1_182' title='bbox 401 2639 490 2688; x_wconf 90' lang='lat' dir='ltr'>totum</span> <span class='ocrx_word' id='word_1_183' title='bbox 506 2638 547 2689; x_wconf 91' lang='lat' dir='ltr'>oui</span> <span class='ocrx_word' id='word_1_184' title='bbox 562 2637 716 2691; x_wconf 79' lang='lat' dir='ltr'>comminus</span> <span class='ocrx_word' id='word_1_185' title='bbox 728 2654 820 2691; x_wconf 89' lang='lat' dir='ltr'>ensem</span> 
     </span>
    </p>

    <p class='ocr_par' dir='ltr' id='par_1_19' title="bbox 112 2713 784 2796">
     <span class='ocr_line' id='line_1_29' title="bbox 112 2713 784 2796; baseline 0.012 -26"><span class='ocrx_word' id='word_1_186' title='bbox 112 2713 230 2796; x_wconf 55' lang='lat' dir='ltr'>(hudidit</span> <span class='ocrx_word' id='word_1_187' title='bbox 242 2721 411 2789; x_wconf 78' lang='lat' dir='ltr'>adsurgenti,</span> <span class='ocrx_word' id='word_1_188' title='bbox 426 2727 454 2775; x_wconf 93' lang='lat' dir='ltr'>et</span> <span class='ocrx_word' id='word_1_189' title='bbox 468 2723 555 2778; x_wconf 89' lang='lat' dir='ltr'>multa</span> <span class='ocrx_word' id='word_1_190' title='bbox 567 2729 658 2778; x_wconf 85' lang='lat' dir='ltr'>morte</span> <span class='ocrx_word' id='word_1_191' title='bbox 670 2725 784 2793; x_wconf 89' lang='lat' dir='ltr'>reoepit.</span> 
     </span>
    </p>

    <p class='ocr_par' dir='ltr' id='par_1_20' title="bbox 51 2801 937 2888">
     <span class='ocr_line' id='line_1_30' title="bbox 51 2801 937 2888; baseline 0.009 -32"><span class='ocrx_word' id='word_1_192' title='bbox 51 2851 54 2857; x_wconf 89' lang='lat'>.</span> <span class='ocrx_word' id='word_1_193' title='bbox 107 2801 266 2888; x_wconf 53' lang='lat' dir='ltr'>{urpuream</span> <span class='ocrx_word' id='word_1_194' title='bbox 281 2809 371 2862; x_wconf 86' lang='lat' dir='ltr'>vomit</span> <span class='ocrx_word' id='word_1_195' title='bbox 383 2809 430 2862; x_wconf 90' lang='lat' dir='ltr'>ille</span> <span class='ocrx_word' id='word_1_196' title='bbox 443 2811 571 2878; x_wconf 85' lang='lat' dir='ltr'>unimam,</span> <span class='ocrx_word' id='word_1_197' title='bbox 589 2817 617 2866; x_wconf 87' lang='lat' dir='ltr'>et</span> <span class='ocrx_word' id='word_1_198' title='bbox 630 2830 691 2866; x_wconf 89' lang='lat' dir='ltr'>enm</span> <span class='ocrx_word' id='word_1_199' title='bbox 706 2813 838 2880; x_wconf 83' lang='lat' dir='ltr'>sauguine</span> <span class='ocrx_word' id='word_1_200' title='bbox 850 2811 937 2864; x_wconf 86' lang='lat' dir='ltr'>mixta</span> 
     </span>
    </p>
   </div>
   <div class='ocr_carea' id='block_1_3' title="bbox 28 2889 817 2963">
    <p class='ocr_par' dir='ltr' id='par_1_21' title="bbox 28 2889 817 2963">
     <span class='ocr_line' id='line_1_31' title="bbox 28 2889 817 2963; baseline 0.014 -19"><span class='ocrx_word' id='word_1_201' title='bbox 28 2941 29 2944; x_wconf 76' lang='grc'>,</span> <span class='ocrx_word' id='word_1_202' title='bbox 113 2889 177 2948; x_wconf 79' lang='lat' dir='ltr'>Vina</span> <span class='ocrx_word' id='word_1_203' title='bbox 188 2897 270 2950; x_wconf 87' lang='lat' dir='ltr'>refert</span> <span class='ocrx_word' id='word_1_204' title='bbox 284 2898 421 2963; x_wconf 78' lang='lat' dir='ltr'>moriens3</span> <span class='ocrx_word' id='word_1_205' title='bbox 441 2898 487 2952; x_wconf 90' lang='lat' dir='ltr'>hio</span> <span class='ocrx_word' id='word_1_206' title='bbox 499 2901 576 2954; x_wconf 75' lang='lat' dir='ltr'>furto</span> <span class='ocrx_word' id='word_1_207' title='bbox 590 2901 711 2954; x_wconf 83' lang='lat' dir='ltr'>fervidus</span> <span class='ocrx_word' id='word_1_208' title='bbox 723 2901 817 2955; x_wconf 85' lang='lat' dir='ltr'>instat.</span> 
     </span>
    </p>
   </div>
   <div class='ocr_carea' id='block_1_4' title="bbox 113 2976 1115 3578">
    <p class='ocr_par' dir='ltr' id='par_1_22' title="bbox 113 2976 829 3056">
     <span class='ocr_line' id='line_1_32' title="bbox 113 2976 829 3056; baseline 0.013 -25"><span class='ocrx_word' id='word_1_209' title='bbox 113 2976 212 3050; x_wconf 88' lang='lat' dir='ltr'>lamque</span> <span class='ocrx_word' id='word_1_210' title='bbox 225 2986 258 3038; x_wconf 88' lang='lat' dir='ltr'>ad</span> <span class='ocrx_word' id='word_1_211' title='bbox 270 2986 390 3055; x_wconf 84' lang='lat' dir='ltr'>Messapi</span> <span class='ocrx_word' id='word_1_212' title='bbox 404 2988 493 3042; x_wconf 86' lang='lat' dir='ltr'>sooios</span> <span class='ocrx_word' id='word_1_213' title='bbox 505 2988 644 3043; x_wconf 89' lang='lat' dir='ltr'>tendebat.</span> <span class='ocrx_word' id='word_1_214' title='bbox 682 2987 725 3044; x_wconf 91' lang='lat' dir='ltr'>Ibi</span> <span class='ocrx_word' id='word_1_215' title='bbox 737 2989 829 3056; x_wconf 82' lang='lat' dir='ltr'>ignem</span> 
     </span>
    </p>

    <p class='ocr_par' dir='ltr' id='par_1_23' title="bbox 113 3063 767 3143">
     <span class='ocr_line' id='line_1_33' title="bbox 113 3063 767 3143; baseline 0.012 -23"><span class='ocrx_word' id='word_1_216' title='bbox 113 3063 223 3125; x_wconf 82' lang='lat' dir='ltr'>Deficere</span> <span class='ocrx_word' id='word_1_217' title='bbox 236 3081 390 3127; x_wconf 80' lang='lat' dir='ltr'>extromum</span> <span class='ocrx_word' id='word_1_218' title='bbox 406 3083 435 3128; x_wconf 91' lang='lat' dir='ltr'>et</span> <span class='ocrx_word' id='word_1_219' title='bbox 447 3069 576 3143; x_wconf 79' lang='lat' dir='ltr'>religatos</span> <span class='ocrx_word' id='word_1_220' title='bbox 588 3076 641 3128; x_wconf 89' lang='lat' dir='ltr'>rite</span> <span class='ocrx_word' id='word_1_221' title='bbox 656 3074 767 3128; x_wconf 88' lang='lat' dir='ltr'>videbat</span> 
     </span>
    </p>

    <p class='ocr_par' dir='ltr' id='par_1_24' title="bbox 114 3151 894 3231">
     <span class='ocr_line' id='line_1_34' title="bbox 114 3151 894 3231; baseline 0.01 -23"><span class='ocrx_word' id='word_1_222' title='bbox 114 3151 219 3224; x_wconf 71' lang='lat' dir='ltr'>Carpere</span> <span class='ocrx_word' id='word_1_223' title='bbox 231 3178 343 3229; x_wconf 88' lang='lat' dir='ltr'>gramen</span> <span class='ocrx_word' id='word_1_224' title='bbox 360 3179 462 3231; x_wconf 84' lang='lat' dir='ltr'>equos:</span> <span class='ocrx_word' id='word_1_225' title='bbox 484 3162 606 3216; x_wconf 85' lang='lat' dir='ltr'>breviter</span> <span class='ocrx_word' id='word_1_226' title='bbox 620 3179 682 3215; x_wconf 89' lang='lat' dir='ltr'>oum</span> <span class='ocrx_word' id='word_1_227' title='bbox 696 3161 894 3216; x_wconf 70' lang='grc'><strong>1011111001-</strong></span> 
     </span>
    </p>

    <p class='ocr_par' dir='ltr' id='par_1_25' title="bbox 115 3239 823 3318">
     <span class='ocr_line' id='line_1_35' title="bbox 115 3239 823 3318; baseline 0.01 -24"><span class='ocrx_word' id='word_1_228' title='bbox 115 3239 193 3298; x_wconf 81' lang='lat' dir='ltr'>Sensit</span> <span class='ocrx_word' id='word_1_229' title='bbox 204 3250 273 3302; x_wconf 91' lang='lat' dir='ltr'>enim</span> <span class='ocrx_word' id='word_1_230' title='bbox 287 3251 375 3303; x_wconf 90' lang='lat' dir='ltr'>nimia</span> <span class='ocrx_word' id='word_1_231' title='bbox 388 3248 471 3302; x_wconf 87' lang='lat' dir='ltr'>eaede</span> <span class='ocrx_word' id='word_1_232' title='bbox 485 3254 567 3316; x_wconf 87' lang='lat' dir='ltr'>atque</span> <span class='ocrx_word' id='word_1_233' title='bbox 580 3249 708 3318; x_wconf 79' lang='lat' dir='ltr'>cupidine</span> <span class='ocrx_word' id='word_1_234' title='bbox 721 3249 823 3302; x_wconf 80' lang='lat' dir='ltr'>ferri-</span> 
     </span>
    </p>

    <p class='ocr_par' dir='ltr' id='par_1_26' title="bbox 116 3327 1115 3491">
     <span class='ocr_line' id='line_1_36' title="bbox 116 3327 1115 3404; baseline 0.007 -21"><span class='ocrx_word' id='word_1_235' title='bbox 116 3327 299 3390; x_wconf 80' lang='lat' dir='ltr'>“Absistemus</span> <span class='ocrx_word' id='word_1_236' title='bbox 311 3337 327 3364; x_wconf 72' lang='lat'>’³</span> <span class='ocrx_word' id='word_1_237' title='bbox 341 3337 387 3403; x_wconf 86' lang='lat' dir='ltr'>ait,</span> <span class='ocrx_word' id='word_1_238' title='bbox 404 3337 420 3364; x_wconf 88' lang='lat'><strong>“</strong></span> <span class='ocrx_word' id='word_1_239' title='bbox 429 3352 494 3389; x_wconf 88' lang='lat' dir='ltr'>nam</span> <span class='ocrx_word' id='word_1_240' title='bbox 506 3336 554 3389; x_wconf 85' lang='lat' dir='ltr'>lux</span> <span class='ocrx_word' id='word_1_241' title='bbox 566 3336 679 3390; x_wconf 81' lang='lat' dir='ltr'>inimice</span> <span class='ocrx_word' id='word_1_242' title='bbox 690 3337 866 3404; x_wconf 88' lang='lat' dir='ltr'>propinquat.</span> <span class='ocrx_word' id='word_1_243' title='bbox 1064 3339 1115 3400; x_wconf 74' lang='lat'>355</span> 
     </span>
     <span class='ocr_line' id='line_1_37' title="bbox 116 3414 927 3491; baseline 0.006 -20"><span class='ocrx_word' id='word_1_244' title='bbox 116 3414 253 3476; x_wconf 86' lang='lat' dir='ltr'>Poenarum</span> <span class='ocrx_word' id='word_1_245' title='bbox 266 3423 434 3476; x_wconf 83' lang='lat' dir='ltr'>exhaustum</span> <span class='ocrx_word' id='word_1_246' title='bbox 448 3424 513 3476; x_wconf 87' lang='lat' dir='ltr'>satis</span> <span class='ocrx_word' id='word_1_247' title='bbox 527 3430 583 3490; x_wconf 80' lang='lat' dir='ltr'>eet3</span> <span class='ocrx_word' id='word_1_248' title='bbox 605 3423 649 3476; x_wconf 88' lang='lat' dir='ltr'>via</span> <span class='ocrx_word' id='word_1_249' title='bbox 662 3423 738 3476; x_wconf 80' lang='lat' dir='ltr'>laeta</span> <span class='ocrx_word' id='word_1_250' title='bbox 750 3440 800 3491; x_wconf 89' lang='lat' dir='ltr'>per</span> <span class='ocrx_word' id='word_1_251' title='bbox 812 3422 927 3476; x_wconf 81' lang='lat' dir='ltr'>bostis.&#39;&#39;</span> 
     </span>
    </p>

    <p class='ocr_par' dir='ltr' id='par_1_27' title="bbox 115 3499 828 3578">
     <span class='ocr_line' id='line_1_38' title="bbox 115 3499 828 3578; baseline 0.011 -24"><span class='ocrx_word' id='word_1_252' title='bbox 115 3499 190 3560; x_wconf 89' lang='lat' dir='ltr'>llulta</span> <span class='ocrx_word' id='word_1_253' title='bbox 201 3511 287 3562; x_wconf 87' lang='lat' dir='ltr'>virum</span> <span class='ocrx_word' id='word_1_254' title='bbox 301 3510 391 3564; x_wconf 88' lang='lat' dir='ltr'>solido</span> <span class='ocrx_word' id='word_1_255' title='bbox 405 3517 519 3577; x_wconf 86' lang='lat' dir='ltr'>argento</span> <span class='ocrx_word' id='word_1_256' title='bbox 532 3511 656 3578; x_wconf 79' lang='lat' dir='ltr'>perlaeta</span> <span class='ocrx_word' id='word_1_257' title='bbox 668 3510 828 3577; x_wconf 86' lang='lat' dir='ltr'>relinquunt</span> 
     </span>
    </p>
   </div>
   <div class='ocr_carea' id='block_1_5' title="bbox 0 0 1332 3940">
    <p class='ocr_par' dir='ltr' id='par_1_28' title="bbox 0 0 1332 3940">
     <span class='ocr_line' id='line_1_39' title="bbox 0 0 1332 3940; baseline 0 0"><span class='ocrx_word' id='word_1_258' title='bbox 0 0 1332 3940; x_wconf 95' lang='lat' dir='ltr'> </span> 
     </span>
    </p>
   </div>
  </div>
 </body>
</html>
