2706 3938
433 205 570 256 venum
592 205 758 256 nunninus
780 207 824 257 Vl.

120 369 246 436 Quantus
258 369 294 424 cd
307 368 462 424 aetherium
475 368 544 423 cceli
556 374 700 437 suspectus
712 368 873 438 Olympum.

118 457 171 513 Hic
184 474 271 526 genus
284 459 428 526 antiquum
439 456 547 524 Terrae,
561 455 672 510 Titania
683 457 779 524 pubes,

118 544 246 598 Fulmine
259 545 359 598 deiecti
373 544 458 598 fundo
471 543 621 596 volvuntur
633 543 662 596 in
675 542 739 598 imo.

118 631 171 686 Hic
184 636 214 686 et
227 631 341 684 Aloidas
353 631 477 699 geminos
488 630 621 684 immania
634 629 690 684 vidi

118 719 253 788 Corpora,
268 719 315 788 qui
327 719 454 772 manibus
465 733 595 786 magnum
608 717 764 772 rescindere
777 719 884 774 caelum

118 805 260 874 Aggressi,
275 807 435 875 superisque
448 805 542 860 lovem
554 804 702 858 detrudere
714 805 813 873 regnis.

112 890 186 946 Vidi
199 900 228 945 et
241 892 360 946 crudelis
372 892 484 946 dentem
497 891 644 945 Salmonea
656 907 768 960 poenas,

117 981 195 1034 Dum
207 979 333 1034 flammas
345 979 419 1034 Iovis
431 985 460 1032 et
472 979 578 1034 sonitus
590 979 715 1032 imitatur
730 979 851 1049 Olympi.

119 1068 260 1134 Quattuor
272 1067 319 1120 hio
331 1068 458 1120 invectus
471 1066 547 1135 equis
560 1071 589 1119 et
600 1066 727 1135 lampada
740 1084 872 1136 quassans

117 1154 174 1210 Per
188 1154 303 1208 Graium
318 1153 433 1222 populos
444 1152 604 1222 mediaeque
617 1170 666 1222 per
680 1153 768 1208 Elidis
781 1155 877 1208 urbem

118 1241 182 1296 Ibat
196 1258 291 1310 orcus,
306 1241 453 1310 divomque
466 1240 517 1293 sibi
530 1241 661 1309 poscebat
679 1241 822 1310 honorem,

118 1330 258 1384 Demensl
281 1329 327 1397 qui
339 1328 448 1383 nimbos
461 1334 490 1381 et
501 1344 558 1380 non
572 1328 707 1382 imitabile
719 1329 823 1383 fulmen

119 1421 196 1474 Aere
208 1422 237 1470 et
250 1417 428 1486 cornipedum
441 1417 522 1486 pulsu
535 1415 677 1470 simularet
689 1431 830 1484 equorum.

120 1509 161 1563 At
174 1514 255 1577 pater
268 1505 442 1574 omnipotens
454 1505 539 1558 densa
553 1505 626 1557 inter
638 1504 734 1558 nubile
745 1504 832 1558 telum
863 1501 865 1506 ’

120 1598 274 1662 Gontorsit,
290 1615 344 1651 non
357 1597 404 1650 ille
416 1598 491 1652 iaces
503 1615 554 1652 neo
567 1599 661 1652 fumea
672 1599 761 1654 taedis

119 1686 247 1750 Lumina,
262 1685 494 1753 praecipitemque
507 1686 619 1740 immuni
633 1687 743 1740 turbine
756 1687 855 1755 adegit.

119 1772 147 1825 N
148 1789 182 1827 ec
195 1789 252 1824 non
265 1778 293 1824 et
305 1770 414 1837 Tityon,
429 1770 529 1825 Terrae
541 1773 741 1841 omniparentis
759 1773 909 1841 alumnum,

120 1860 244 1913 Cernere
257 1865 324 1924 erat,
338 1875 388 1926 per
401 1866 460 1912 tots
472 1875 572 1912 novem
585 1860 630 1914 cui
642 1861 738 1929 iugera
750 1877 849 1930 corpus

120 1950 287 2019 Porrigitur,
302 1955 446 2020 rostroque
456 1952 585 2006 immanis
597 1950 691 2004 vultur
704 1951 813 2006 obunco

120 2037 283 2091 Immortcle
296 2039 370 2090 iecur
382 2038 501 2092 tondens
515 2038 686 2108 fecundaque
699 2041 795 2107 poenis

20 2153 25 2162 ·
121 2130 240 2184 Viscera
252 2130 421 2199 rimaturque
434 2131 523 2198 epulis
535 2129 696 2199 habitatque
709 2130 759 2182 sub
772 2129 829 2183 alto

122 2218 248 2282 Pectore,
263 2233 315 2272 nec
327 2217 404 2272 fibris
417 2219 524 2287 requies
539 2219 621 2272 datur
632 2217 689 2271 ulle
700 2217 811 2270 renatis.

123 2306 196 2373 Quid
209 2326 360 2364 memorem
375 2308 514 2378 Lapithes,
529 2309 626 2363 lxiona
638 2309 869 2380 Pirithoumque?

123 2395 200 2460 Quos
212 2413 297 2465 super
310 2403 370 2451 atra
382 2397 450 2450 silex
465 2401 517 2450 ium
527 2397 580 2450 iarn
596 2397 706 2466 lapsura
718 2397 881 2467 cedentique

122 2482 253 2539 imminet
266 2485 411 2552 adsimilis3
432 2485 526 2540 lucent
541 2483 692 2554 genialibus
704 2485 767 2539 ultis

122 2576 218 2630 Aurea
229 2575 320 2630 fulcra
332 2577 408 2643 toris,
424 2575 575 2644 epulaeque
588 2581 651 2628 aute
665 2591 713 2630 ore
725 2579 838 2642 paratae

121 2661 247 2732 Regifioo
258 2662 325 2717 luxu
337 2682 343 2728 3
363 2663 506 2718 Furiarum
520 2664 640 2718 maxima
653 2664 729 2716 iuxta

124 2751 259 2817 Aooubet,
275 2755 304 2804 et
316 2751 444 2804 menibus
455 2751 585 2819 prohibet
599 2752 758 2820 contingere
770 2767 886 2817 menses,

121 2840 310 2910 Exsurgitque
322 2841 411 2895 fecem
425 2841 563 2906 attollens,
578 2846 660 2912 etque
673 2842 782 2895 intonet
795 2858 850 2895 ore.

122 2928 183 2989 llic,
199 2928 300 2997 quibus
311 2927 392 2981 invisi
405 2928 511 2994 fratres,
527 2928 590 2982 dum
605 2930 662 2982 vita
674 2929 811 2994 mouebat,

123 3015 287 3070 Pulsatusvc
300 3031 405 3083 parens
421 3021 449 3069 et
460 3016 538 3071 fraus
550 3016 652 3070 innexu
665 3015 775 3081 clienti3

123 3103 181 3156 Aut
194 3103 240 3171 qui
254 3101 358 3155 divitiis
370 3102 421 3156 soli
432 3103 582 3158 incubuere
594 3103 718 3172 repertis,

123 3188 180 3243 Nec
193 3195 302 3258 partem
315 3207 432 3257 posuere
445 3190 508 3256 suis,
523 3207 592 3258 quae
604 3193 725 3247 maxima
736 3194 819 3247 turbe
832 3196 887 3258 esu

124 3276 232 3346 Quique
246 3278 282 3329 ob
296 3276 458 3330 adulterium
474 3277 553 3344 caesi,
568 3277 668 3346 quique
681 3293 758 3331 arma
774 3276 860 3331 secuti

125 3363 211 3430 lmpis
223 3381 275 3418 nec
289 3364 368 3428 veriti
382 3364 555 3420 dominorum
570 3364 666 3418 fallere
681 3364 800 3428 dextras,

124 3451 223 3507 inclusi
238 3469 354 3520 poenam
369 3458 538 3520 exspectant.
578 3451 621 3504 Ne
635 3468 734 3519 quaere
748 3451 849 3508 doceri.

124 3539 211 3605 Quam
223 3555 350 3606 poenam.
365 3546 413 3591 cut
427 3555 497 3606 quae
509 3539 599 3600 forme
614 3539 686 3590 viros
700 3539 846 3591 fortunave
858 3537 962 3592 mersit.
