2706 3938
542 228 680 278 VERGILI
702 227 867 278 AENEIDOS
888 228 933 278 VI.

229 390 274 444 Sic
287 389 412 458 equidem
426 390 558 444 ducebam
572 390 665 443 animo
678 390 813 458 rebarque
825 390 960 457 futurum,

229 477 364 547 Tempora
376 478 562 546 dinumerans,
576 493 628 530 nec
641 493 686 530 me
699 493 760 530 mea
772 493 838 530 cura
849 476 957 530 refellit.

230 566 303 631 Quas
315 582 368 634 ego
379 571 409 620 te
421 572 509 618 terras
522 572 549 617 et
562 569 665 632 quanta
676 580 726 632 per
738 579 858 632 aequora
870 569 982 617 vectum

229 653 360 721 Accipiol
383 653 492 721 quantis
503 651 645 718 iactatum,
661 657 733 718 nate,
749 651 872 718 periclis!

229 740 319 805 Quam
331 739 426 807 metui,
441 755 476 791 ne
489 737 556 807 quid
568 737 671 804 Libyae
684 738 736 791 tibi
749 753 834 805 regna
845 740 991 792 nocerent!
1004 736 1020 765 ‘³

228 826 278 879 llle
291 834 400 880 autern:
424 826 507 878 “Tua
518 841 570 891 me,
585 825 701 894 genitor,
716 831 765 878 tua
777 825 863 878 tristis
873 825 972 892 imago,

229 913 342 982 Saepius
355 928 508 989 occurrens,
524 913 591 967 haec
603 913 699 966 limina
711 912 825 967 tendere
837 911 944 980 adegit:

229 1001 309 1055 Stant
322 1000 377 1054 sale
390 1000 534 1067 Tyrrheno
548 999 655 1054 classes.
693 999 736 1053 Da
748 1001 861 1068 iungere
874 999 1009 1067 dextram,

228 1089 279 1158 Da,
293 1089 408 1156 genitor,
423 1093 506 1156 teque
519 1087 647 1156 amplexu
659 1104 694 1140 ne
708 1087 838 1141 subtrahe
852 1086 974 1141 nostro.’'

229 1177 275 1230 Sic
287 1192 443 1230 memorans
456 1175 533 1242 largo
548 1173 613 1228 fletu
628 1174 709 1226 simul
722 1191 771 1228 ora
783 1174 898 1242 rigabat.

228 1265 280 1318 Ter
294 1269 408 1318 conatus
420 1264 460 1316 ibi
473 1263 544 1316 collo
558 1263 624 1320 dare
636 1261 766 1316 bracchia
778 1262 889 1330 circum,

229 1352 281 1405 Ter
293 1353 399 1406 frustra
412 1367 574 1421 comprensa
586 1365 683 1404 manus
695 1347 793 1416 effugit
805 1348 904 1418 imago,

229 1438 283 1492 Par
295 1439 402 1492 levibns
415 1438 505 1491 ventis
519 1437 679 1504 vulnerique
694 1436 831 1490 simillima
843 1453 950 1490 somno.

264 1525 375 1579 Interea
388 1525 464 1578 videt
479 1527 587 1577 Aeneas
601 1523 631 1576 in
644 1523 714 1577 valle
727 1522 842 1577 reducta

228 1614 370 1668 Seclnsum
382 1629 479 1666 nemus
491 1618 519 1666 et
531 1612 651 1680 virgulta
663 1613 790 1666 sonantia
802 1612 893 1680 silvae,

228 1702 441 1771 Lethaeamque,
456 1703 553 1756 domos
565 1700 687 1770 placidas
700 1703 744 1771 qui
757 1707 910 1770 praenatat,
925 1717 1044 1754 amnem.

228 1795 310 1848 Hunc
323 1796 426 1848 circum
439 1795 599 1846 innumerae
611 1800 707 1860 gentes
720 1791 869 1860 populique
882 1789 1028 1855 volabant,

228 1884 272 1937 Ac
285 1883 361 1936 velut
373 1883 401 1934 in
414 1882 501 1951 pratis
514 1881 560 1933 ubi
574 1897 639 1949 apes
652 1885 756 1934 aestate
769 1894 866 1934 serena

228 1970 356 2024 Floribus
368 1971 492 2023 insidunt
504 1972 595 2037 variis,
611 1976 639 2024 et
652 1969 770 2024 candida
782 1970 885 2023 circum

228 2061 299 2115 Lilia
311 2062 473 2129 funduntur,
490 2063 587 2130 strepit
600 2062 689 2115 omnis
702 2077 842 2114 murmure
855 2075 974 2127 campus.

229 2148 371 2203 Horrescit
384 2149 443 2202 visu
458 2150 555 2216 subito,
572 2165 721 2217 causasque
734 2147 850 2216 requirit

229 2235 335 2290 Inscius
349 2236 469 2298 Aeneam
487 2253 557 2304 quae
568 2237 623 2290 sint
632 2253 665 2290 ea
676 2235 789 2288 flumina
801 2250 893 2303 porro,

229 2322 318 2388 Quive
331 2323 383 2375 viri
396 2327 474 2376 tanto
487 2322 652 2391 complerint
664 2321 773 2390 agmine
786 2321 867 2389 ripas.

228 2410 298 2463 Tum
310 2415 389 2478 pater
401 2409 551 2464 Anchises:
576 2412 591 2440 “
602 2410 727 2474 Animae,
742 2408 841 2478 quibus
853 2407 940 2461 altera
950 2406 1009 2460 fato

229 2498 354 2566 Corpora
368 2498 512 2564 debentur,
529 2498 641 2553 Lethaei
655 2499 690 2552 ad
702 2497 823 2550 fluminis
835 2495 935 2550 undam

229 2584 346 2638 Securos
358 2585 454 2640 latices
466 2592 495 2639 et
506 2585 590 2655 longa
602 2586 705 2640 oblivia
716 2591 822 2654 potant.

231 2672 287 2726 Has
300 2673 426 2741 equidem
442 2690 595 2728 memorare
608 2674 660 2726 tibi
673 2677 754 2740 atque
767 2672 912 2726 ostendere
925 2687 1027 2737 coram,

228 2759 395 2828 Iampridem
409 2761 480 2813 bauo
493 2760 598 2829 prolem
613 2761 692 2828 cupio
705 2775 866 2813 enumerare
878 2775 1012 2824 meorum,

230 2846 291 2911 Quo
304 2848 391 2916 magis
404 2847 485 2901 ltalia
496 2865 603 2900 mecum
616 2847 720 2900 laetere
733 2847 868 2915 reperta.”

230 2933 281 2987 ⁴²0
296 2940 382 3002 pater,
397 2951 467 2988 anne
481 2934 585 3002 aliquas
598 2934 632 2987 ad
645 2934 750 2987 caelum
763 2933 828 2986 hinc
840 2934 880 2987 ire
893 2932 1044 3002 putandum
1058 2939 1101 2984 est

229 3021 357 3075 Sublimis
370 3022 482 3087 animas,
497 3021 651 3088 iterumque
665 3021 697 3073 ad
712 3020 792 3074 tarda
803 3020 905 3074 reverti

230 3109 371 3177 (lorporal
391 3126 460 3176 qnae
474 3107 542 3161 lucis
556 3107 662 3160 miseris
676 3115 732 3160 tam
746 3107 807 3160 dira
819 3106 938 3176 cupido?
950 3105 966 3133 ”

231 3195 352 3248 “Dicam
367 3195 502 3263 equidem,
518 3212 568 3248 nec
580 3201 608 3247 te
619 3211 788 3262 suspensum,
803 3200 875 3260 nate,
890 3192 1016 3248 tenebo'’

230 3282 350 3348 Suscipit
365 3283 506 3348 Anchises,
522 3287 603 3349 atque
617 3282 712 3334 ordine
726 3281 834 3349 singula
847 3281 949 3350 pandit.

264 3367 405 3434 Principio
419 3369 523 3422 caelum
537 3387 568 3422 ac
581 3376 669 3422 terras
682 3385 847 3437 camposque
859 3367 988 3436 liquentis

230 3453 436 3522 Lucentemque
450 3455 559 3522 globum
574 3455 668 3509 Lunae
681 3455 842 3525 Titaniaque
855 3460 930 3509 astra

230 3540 350 3608 Spiritus
362 3541 438 3593 intus
450 3541 506 3608 alit,
520 3547 662 3610 totamque
675 3543 766 3616 inqua
780 3559 828 3610 per
841 3547 919 3596 artus
