2656 3940
435 226 574 278 vasum
597 227 761 278 ultumos
784 227 814 278 X.

108 391 167 447 Ora
181 410 266 447 cruor
275 412 282 447 :

109 479 156 533 Sic
168 480 227 533 ruit
239 481 269 532 in
281 479 382 534 densos
395 479 486 534 alacer
498 478 652 534 Mezentius
663 479 760 534 hostis.

109 567 253 620 Sternitur
265 567 362 621 infelix
376 566 479 635 Acron,
493 571 522 620 et
534 566 656 620 calcibus
667 571 757 620 atram

110 654 216 707 Tundit
228 654 344 710 humum
357 655 508 724 exspirans,
522 654 697 723 infractaque
709 653 766 708 tela
778 660 913 728 cruentat.

110 741 207 810 Atque
219 741 292 795 idern
306 743 460 810 fugientem
473 741 548 795 haud
561 746 603 796 est
615 741 744 810 dignatus
756 742 869 796 Oroden

110 827 253 896 Sternere,
269 845 320 899 nec
333 830 406 883 iacta
418 845 529 884 caecum
543 829 610 882 dare
622 829 735 897 cuspide
748 829 861 898 volnns;

111 914 221 968 Obvius
233 915 403 984 adversoque
416 915 544 984 occurrit,
559 931 642 985 seque
655 916 717 970 viro
730 917 772 970 vir

111 1002 247 1070 Oontulit,
263 1002 336 1056 haud
348 1004 426 1056 furto
438 1003 544 1071 melior,
559 1004 606 1056 sed
618 1003 738 1056 fortibus
751 1005 842 1059 armis.

110 1090 182 1143 Tum
195 1107 279 1159 super
292 1091 430 1145 abiectum
443 1089 535 1159 posito
548 1090 618 1159 pede
630 1091 712 1144 nixus
725 1098 752 1144 et
765 1093 860 1147 hasta:

113 1179 130 1206 ‘⁶
139 1178 211 1231 Pars
223 1177 288 1232 belli
301 1178 375 1232 hand
387 1178 544 1245 temnenda,
558 1178 619 1246 viri,
634 1178 706 1232 iacet
718 1179 790 1234 altus
803 1179 939 1235 Orodes.”

112 1265 296 1319 Conclamant
309 1267 375 1319 socii
388 1265 490 1319 laetum
504 1281 610 1333 paeana
623 1266 717 1319 secuti.

109 1352 162 1406 Ille
176 1358 269 1406 antem
282 1353 440 1421 exspirans:
463 1351 554 1406 “Non
567 1369 619 1420 me,
635 1353 798 1422 quicumque
811 1371 848 1423 es,
863 1355 960 1425 inulto,

110 1439 220 1508 Victor,
236 1456 287 1493 nec
299 1440 412 1508 longum
425 1439 578 1494 laetabere:
600 1445 628 1494 te
641 1457 749 1510 quoque
761 1441 818 1496 fata

111 1527 296 1595 Prospectant
308 1527 392 1596 paria,
407 1533 489 1596 utque
502 1528 597 1582 eadem
609 1545 674 1580 mox
686 1545 754 1583 arva
765 1530 900 1584 tenebis.''

110 1615 157 1667 Ad
171 1631 252 1682 quem
265 1614 409 1668 subridens
421 1615 509 1668 mixta
520 1614 674 1669 Mezentius
686 1615 741 1670 ira:

112 1703 130 1730 “
137 1700 222 1756 Nunc
235 1718 351 1755 morere.
390 1702 444 1754 Ast
457 1702 492 1756 de
503 1718 548 1754 me
561 1702 653 1756 divom
666 1708 841 1774 peteretque
853 1703 998 1759 hominum
1011 1723 1060 1760 rex

109 1789 250 1842 Viderit.'’
272 1828 274 1834 .
290 1789 349 1843 Hoc
362 1789 455 1844 dicens
467 1789 563 1843 eduxit
575 1805 692 1858 corpore
704 1790 807 1846 telnmr

110 1875 167 1929 Olli
179 1876 250 1930 dnra
264 1877 342 1946 quies
354 1877 448 1930 oculos
461 1881 489 1930 et
501 1877 607 1931 ferreus
619 1883 699 1946 urget
1078 1881 1129 1938 '145

109 1965 247 2034 Somnus3
268 1967 298 2019 in
311 1973 450 2021 aeternam
464 1961 630 2021 clauduntur
642 1967 746 2022 lumina
759 1974 877 2023 noctem.

110 2053 248 2108 Caedicus
261 2054 430 2109 Alcathoum
444 2055 602 2122 obtruncet,
617 2054 746 2109 Sacrator
759 2055 916 2124 Hydaspen,

108 2140 347 2210 Partheniumque
359 2142 441 2211 Rapo
455 2147 483 2196 et
495 2141 660 2211 praedurum
675 2142 780 2196 viribus
793 2143 891 2210 Orsen,

107 2227 254 2296 Messapus
266 2228 449 2298 Oleniumque
460 2229 685 2299 Lycaoniumque
696 2230 833 2298 Ericeten,

108 2313 190 2367 Illum
205 2315 321 2369 infrenis
334 2317 397 2385 eqni
409 2317 486 2385 lapsu
500 2317 600 2371 tellure
611 2318 756 2384 iacentem,

108 2402 192 2455 Hunc
204 2402 328 2470 peditem
342 2404 433 2473 pedes.
472 2403 509 2457 Et
521 2403 621 2472 Lycius
633 2410 805 2474 processerat
817 2405 903 2473 Agis3
984 2455 987 2461 .

107 2489 199 2555 Quem
212 2494 307 2543 temen
318 2490 393 2544 haud
408 2508 506 2560 expers
518 2492 637 2546 Valerus
650 2493 761 2548 virtutis
774 2493 864 2546 avitae

106 2577 219 2645 Deicit;
240 2583 270 2632 at
281 2578 430 2632 Thronium
446 2579 542 2649 Selius,
557 2579 715 2649 Saliumque
728 2579 851 2647 Nealces,

106 2665 230 2734 Insignis
241 2665 330 2719 iaculo
342 2671 370 2719 et
382 2665 465 2734 longe
475 2665 588 2720 fallente
600 2669 709 2736 sagitta.

142 2752 202 2806 lam
217 2751 309 2820 gravis
321 2754 457 2820 aequabat
468 2754 559 2808 luctus
571 2760 708 2809 et-mutua
719 2756 830 2809 Mavors

105 2839 233 2906 Funera3
255 2840 408 2894 caedebant
420 2840 525 2908 pariter
538 2841 692 2911 pariterque
705 2843 824 2898 ruebant

105 2926 240 2980 Victores
254 2927 381 2996 victique,
396 2944 486 2996 neque
498 2928 542 2982 his
554 2929 621 2996 fuga
632 2934 707 2997 nota,
723 2947 812 2999 neque
824 2930 885 2984 illis.

104 3013 139 3066 Di
155 3012 232 3067 lovis
244 3015 274 3066 in
286 3014 368 3068 tectis
381 3015 451 3068 iram
463 3016 630 3070 miserantur
646 3017 755 3070 inanem

105 3102 273 3166 Amborum,
289 3108 316 3155 et
328 3106 422 3155 tentos
435 3103 597 3157 mortalibus
609 3119 668 3157 esse
682 3104 806 3158 labores:

106 3187 179 3242 Hinc
196 3187 301 3254 Venus,
317 3188 382 3242 hinc
395 3194 494 3243 contra
505 3195 612 3257 spectat
625 3190 753 3245 Saturnia
765 3192 842 3246 luno.

104 3274 214 3328 Pallida
225 3274 376 3344 Tisiphone
388 3275 480 3330 media
491 3276 565 3331 inter
578 3278 654 3331 milia
666 3279 760 3332 saevit.

104 3362 145 3416 At
156 3378 225 3416 vero
238 3363 380 3430 ingentem
394 3363 520 3430 quatiens
536 3364 689 3419 Mezentius
702 3366 809 3420 hastam

102 3448 243 3504 Turbidus
256 3450 411 3518 ingreditur
424 3466 529 3519 campo.
569 3451 657 3516 Quam
671 3470 787 3522 ruagnus
800 3453 894 3518 Orion,

102 3537 173 3590 Oum
187 3537 273 3606 pedes
283 3538 390 3592 incedit
403 3537 486 3591 medii
499 3554 549 3607 per·
561 3541 682 3594 maxima
695 3539 779 3594 Nerei
