2730 3936
448 214 586 263 VERGILI
608 213 773 262 acanthos
795 217 815 261 l.

130 377 269 432 Praeterea
281 382 428 446 sceptrum,
443 377 531 430 Ilione
544 375 615 444 quod
629 379 751 443 gesserat
763 374 837 444 clim,

129 464 242 519 Maxima
254 470 381 519 natarum
395 464 506 531 Priami,
519 462 645 532 colloque
659 460 760 516 raonile

127 549 262 617 Bacatum,
277 557 305 606 et
318 552 456 621 duplicem
468 551 584 620 gemmis
597 566 719 619 auroque
732 563 872 603 eoronam.

127 639 196 694 llaec
208 641 331 694 celerans
342 642 397 693 iter
409 640 443 693 ad
458 640 535 692 navis
547 637 681 692 tendehat
694 636 826 690 Achates

158 727 195 780 At
207 727 346 794 Cytherea
358 742 445 780 novas
457 727 533 792 artis,
548 741 622 778 nova
633 729 747 793 pectore
759 727 852 777 versat

126 813 247 882 Consilia,
262 820 293 869 01
306 814 406 867 faciem
419 817 542 866 mutatus
553 817 582 865 et
595 828 643 865 ora
656 810 763 879 Cupido

125 899 176 954 Pro
188 902 261 955 dulci
274 901 397 955 Ascanio
408 901 509 968 veniat,
524 899 659 968 donisque
672 901 808 952 furentem

124 988 253 1042 lucendat
265 989 398 1056 reginam,
413 992 494 1056 atque
507 986 614 1040 ossibus
625 985 747 1055 implicet
759 985 867 1054 igneum

125 1075 227 1146 Quippe
240 1077 354 1130 domum
366 1077 448 1130 timet
460 1075 615 1144 ambiguam
628 1074 779 1142 Tyriosque
792 1073 938 1143 bilinguis3

127 1163 183 1218 Urit
196 1171 276 1219 atrox
289 1165 368 1232 luno,
384 1168 412 1217 01
424 1163 475 1217 sub
488 1169 598 1216 noctem
612 1177 679 1216 eura
688 1166 821 1215 recursat.

123 1252 192 1322 Ergo
204 1253 248 1306 his
261 1252 393 1319 aligerum
407 1250 488 1304 dictis
501 1249 612 1304 adfatur
625 1249 775 1302 Amorem:

22 1409 23 1416 ¹
126 1343 141 1369 “
149 1340 225 1408 Nate,
241 1356 319 1394 meae
331 1339 413 1407 vires,
426 1354 488 1392 mea
501 1351 601 1404 magna
613 1335 738 1404 potentia
750 1335 832 1404 solus,

124 1426 199 1497 Nate,
213 1429 305 1496 patris
317 1426 417 1480 summi
429 1425 474 1494 qui
487 1425 544 1478 tela
555 1422 681 1491 Typhoia
693 1422 803 1488 tammo,

124 1515 164 1568 Ad
177 1521 205 1569 10
217 1514 352 1582 coniugio
364 1520 392 1566 01
405 1511 519 1581 supplex
531 1519 581 1565 tua
592 1509 707 1564 numina
719 1525 813 1578 posco.

124 1601 214 1656 Frater
227 1607 258 1656 ut
271 1602 384 1655 Aeneas
395 1599 493 1669 pelago
506 1606 570 1654 tuus
583 1599 677 1652 omnia
688 1597 794 1651 circum

82 1679 83 1684 ἵ
123 1689 214 1744 Litora
225 1690 347 1744 iactetur
359 1687 430 1741 odiis
443 1687 556 1740 lunonis
567 1686 685 1755 iniquae,

124 1775 194 1830 Nota
206 1776 265 1845 tibi,
282 1783 311 1828 et
322 1781 420 1828 nostro
432 1773 544 1827 doluisti
557 1789 637 1842 saepe
650 1772 753 1826 dolore.

124 1863 201 1920 Hunc
212 1864 367 1918 Phoenissa
379 1869 456 1917 tenet
470 1862 542 1915 Dido
555 1861 715 1930 blandisque
728 1865 854 1914 moratur

123 1951 256 2018 Vocibus3
278 1956 308 2004 et
321 1966 426 2018 vereor,
441 1966 496 2018 quo
509 1966 537 2002 se
550 1948 667 2002 Iunonia
679 1954 792 2002 vertant

124 2037 262 2107 Hospitis,
284 2037 360 2092 haud
372 2041 451 2091 tanto
463 2036 581 2091 cessabit
594 2036 705 2092 cardine
718 2052 820 2090 rerum.

125 2124 255 2189 Quocirca
268 2141 367 2193 capere
380 2130 444 2178 ante
457 2123 528 2177 dolis
541 2129 570 2177 et
581 2125 691 2191 cingere
703 2122 815 2178 flamma

125 2211 253 2281 Reginam
267 2211 396 2279 meditor,
410 2227 446 2265 ne
459 2227 514 2279 quo
527 2227 556 2264 se
569 2211 682 2265 numine
694 2215 791 2281 mutet,

125 2299 174 2352 Sed
186 2317 289 2370 magno
302 2301 414 2353 Aeneae
426 2315 534 2352 meeum
547 2303 676 2352 teneatur
690 2313 790 2352 amore.

126 2385 181 2450 Qua
193 2389 288 2442 lacere
300 2387 329 2439 id
340 2386 433 2455 possis,
448 2390 571 2441 nostram
584 2402 658 2440 nirna
670 2385 766 2454 accipe
779 2391 916 2439 mentem:

125 2473 222 2542 Regius
234 2475 326 2529 accitu
339 2474 396 2528 cari
409 2473 546 2542 genitoris
554 2473 590 2528 ad
604 2475 700 2526 urbem

126 2559 260 2616 Sidoniam
273 2578 343 2631 puer
355 2561 395 2614 ire
408 2566 495 2630 parat,
510 2577 571 2615 mea
585 2561 705 2616 maxima
718 2577 790 2628 cura,

126 2646 201 2704 Dona
212 2650 306 2703 ferens
317 2648 413 2718 pelago
426 2654 453 2702 et
464 2647 584 2703 fiammis
595 2649 729 2702 restantia
741 2647 838 2703 Troiae
848 2666 856 2714 3

127 2733 203 2789 Hune
215 2753 267 2804 ego
281 2722 406 2805 sopitum
415 2750 512 2790 somno
525 2752 607 2804 super
620 2735 676 2790 alta
689 2735 811 2802 Cythera

128 2821 181 2876 Aut
192 2839 275 2892 super
288 2823 405 2876 Idalium
418 2828 523 2877 saerata
537 2823 602 2877 sede
616 2822 772 2888 recondam,

128 2906 167 2960 110
179 2927 231 2978 qua
243 2910 313 2964 scire
325 2909 404 2963 dolos
415 2909 558 2972 mediusve
571 2925 715 2964 occurrere
727 2911 822 2979 possit.

128 2993 162 3046 Tu
175 2996 270 3050 faciem
284 2997 357 3050 illius
369 3003 479 3051 noctem
493 3013 548 3050 000
562 2996 680 3065 amplius
694 3013 775 3050 unam

128 3081 197 3136 dalle
209 3084 282 3152 dolo,
297 3091 325 3138 01
338 3089 419 3138 00100
433 3083 511 3152 pueri
525 3099 594 3152 puer
607 3083 691 3137 indue
703 3083 804 3152 voltus,

129 3165 170 3236 Ut,
184 3187 244 3223 cum
258 3176 286 3224 te
298 3173 403 3239 gremio
417 3171 533 3240 accipiet
545 3170 695 3224 laetissima
706 3169 779 3224 Dido

129 3252 231 3323 Regalis
243 3257 316 3310 inter
328 3273 437 3312 mensas
449 3257 614 3325 laticemque
626 3257 755 3325 Lyaeum,

130 3339 194 3394 Cum
206 3344 282 3398 dabit
295 3344 438 3413 amplexus
451 3349 533 3413 atque
545 3343 637 3398 oscula
650 3344 741 3398 dulcia
753 3344 827 3412 figet,

130 3426 268 3484 Occultum
280 3432 396 3500 inspires
409 3433 500 3500 ignem
514 3430 646 3500 fallasque
660 3431 796 3484 venen0,’'

129 3509 208 3568 Paret
219 3516 308 3571 Amor
320 3518 401 3572 dietis
414 3534 495 3573 carae
508 3518 661 3586 genetricis,
677 3525 705 3571 01
718 3517 774 3571 alas
