2734 3936
551 231 689 282 VERGILI
712 231 842 282 moncel
865 231 896 282 X.

213 395 309 465 Atque
320 395 427 449 utinam
440 411 474 449 ex
487 395 567 449 vobis
577 411 657 462 unus,
671 395 813 463 vestrique
825 394 937 447 fuissem

212 482 273 535 Aut
285 488 378 536 eustos
390 482 488 551 gregis
502 487 549 536 aut
562 490 687 536 maturae
699 482 804 534 vinitor
816 482 900 534 uvael

214 568 305 636 Certe,
318 569 377 622 sive
388 568 457 621 mihi
469 568 586 636 Phyllis,
599 569 657 622 siva
670 573 742 623 esset
755 569 901 634 Amyntas,

213 653 269 708 Seu
282 655 447 723 quicumque
456 654 648 723 furca—quid
661 660 729 722 tum,
744 654 767 707 si
780 653 874 708 fuscus
885 652 1044 721 Amyntasl

214 742 251 818 Et
262 741 357 810 nigrae
370 741 458 795 violae
471 747 536 796 sunt
548 748 578 795 et
588 741 711 796 vaccinia
723 741 838 810 nigra-

214 827 322 881 Mecum
334 829 409 882 inter
421 828 524 896 salices,
538 827 616 882 lenta
627 829 680 882 sub
689 828 746 881 vite
758 827 877 894 iaceret3

214 913 296 969 Serta
306 915 375 968 mihi
386 914 493 982 Phyllis
504 915 616 984 legeret,
631 919 755 968 cantaret
768 914 914 982 Amyntas

214 999 268 1055 Hic
280 1001 362 1069 gelidi
374 1002 475 1069 fontes,
488 1002 534 1056 hic
546 1001 642 1055 mollia
653 1006 739 1070 prata,
754 1001 862 1069 Lycori,

215 1087 267 1142 Hic
280 1105 394 1156 nemus;
414 1088 460 1142 hic
472 1089 534 1157 ipso
545 1092 637 1142 tecum
652 1105 829 1142 consumerer
842 1105 920 1141 aevo.

215 1174 297 1229 Nunc
308 1175 422 1230 insanus
433 1192 511 1230 amor
523 1175 586 1228 duri
599 1192 644 1228 me
656 1175 754 1229 Martis
764 1177 794 1229 in
807 1177 891 1230 armis

215 1263 279 1316 Tala
292 1263 365 1316 iuter
377 1261 468 1316 media
480 1271 563 1336 atque
575 1262 705 1316 adversos
717 1263 823 1316 detinet
836 1263 937 1316 hostis:

216 1349 257 1403 'l'u
270 1349 366 1417 procul
379 1366 395 1403 a
406 1350 583 1418 patria-nac
596 1350 632 1402 sit
644 1350 712 1403 mihi
724 1350 837 1404 credere
849 1355 960 1403 tautum
968 1351 1015 1403 1-

216 1436 339 1504 Alpinas,
354 1435 388 1488 ah
397 1436 480 1491 dural
500 1437 580 1490 nives
592 1443 620 1490 et
633 1437 738 1504 frigora
747 1436 838 1491 Rheni

216 1521 261 1574 hle
274 1522 333 1576 sine
345 1522 403 1576 sola
414 1523 500 1577 vides.
539 1523 594 1587 Ah,
609 1530 686 1578 tene
699 1525 805 1592 frigora
816 1524 942 1577 laedant!
990 1531 993 1538 '

216 1609 272 1674 Ah,
286 1609 383 1663 tibine
396 1614 506 1664 teuerm
518 1610 618 1679 glacies
630 1619 705 1665 secet
718 1627 814 1680 aspera
827 1611 948 1679 plantasl

217 1695 275 1764 Ibo,
286 1701 321 1763 et,
336 1695 495 1751 Chalcidico
507 1715 578 1766 quae
589 1703 655 1752 sunt
666 1698 734 1750 mihi
746 1697 859 1752 condita
871 1713 953 1750 versu

218 1783 354 1853 Carmina,
368 1785 487 1853 pastoris
499 1784 584 1839 Siculi
595 1785 760 1839 modulabor
772 1801 868 1838 avena.

217 1871 330 1925 Oartum
344 1871 427 1925 estin
439 1871 516 1926 silvis
528 1873 600 1926 inter
614 1873 723 1943 spelaea
734 1873 856 1926 ferarum

217 1957 298 2012 Malle
310 1958 368 2027 pati
381 1959 538 2027 tenerisque
549 1976 627 2013 meos
639 1959 762 2014 incidere
775 1975 883 2012 amores

218 2045 387 2112 Arboribus3
408 2052 534 2101 crescent
544 2047 615 2113 illae,
631 2049 768 2115 crescatis,
783 2063 898 2101 amores.

218 2130 327 2184 Interea
339 2131 433 2184 mixtis
445 2131 568 2185 lustrabo
580 2132 707 2186 Maenala
719 2131 867 2200 Nymphis,

217 2220 278 2272 Aut
290 2218 361 2272 acris
373 2218 494 2272 venabor
507 2236 603 2288 apros3
623 2237 681 2274 non
693 2236 738 2273 me
750 2219 806 2273 ulla
819 2219 954 2273 vetabunt

217 2306 333 2376 Frigora
343 2306 510 2360 Parthenios
521 2307 637 2362 canibus
650 2307 821 2361 circumdare
834 2307 929 2360 saltus.

217 2393 274 2470 lam
288 2393 357 2446 mihi
369 2409 419 2461 per
431 2409 513 2463 rupes
526 2394 621 2448 videor
634 2395 765 2462 lucosque
777 2393 901 2447 sonantis

218 2480 276 2548 lre;
290 2480 359 2534 libet
372 2480 477 2534 Partho
489 2486 618 2550 torquere
631 2480 758 2548 Cydonia
770 2497 856 2534 cornu

218 2567 523 2637 Spicula—Tamquam
535 2568 604 2622 haec
615 2569 652 2622 sit
663 2568 752 2621 nostri
763 2567 901 2622 medicina
912 2566 1024 2633 furoris,

218 2655 278 2708 Aut
289 2654 357 2708 deus
368 2654 415 2708 ille
427 2655 508 2709 malis
518 2655 661 2709 homiuum
674 2656 820 2708 mitescere
832 2654 933 2707 discatl

219 2741 277 2796 Iam
287 2758 376 2810 neque
390 2741 600 2810 Hamadryades
614 2759 709 2796 rursus
721 2759 773 2796 nec
786 2742 910 2795 carmina
922 2739 1004 2793 nobis

218 2828 283 2897 Ipsa
294 2829 419 2898 placeut3
440 2828 516 2898 ipsae
528 2846 623 2882 rursus
634 2829 778 2884 concedite
791 2828 884 2882 silvae.

207 2914 285 2969 ·Non
296 2915 373 2969 illum
385 2915 475 2969 nostri
487 2921 604 2984 possunt
617 2921 726 2970 mutare
738 2916 853 2983 labores,

219 3001 314 3056 Nessi
326 3003 478 3071 frigoribus
489 3003 589 3056 mediis
601 3002 779 3072 Hebrumque
791 3002 927 3069 bibamus,

219 3089 414 3159 Sithoniasque
428 3090 507 3142 nives
519 3089 617 3143 hiemis
629 3089 777 3143 subeamus
789 3104 917 3156 aquosae,

219 3175 247 3230 N
248 3193 279 3230 ec
292 3176 323 3244 si,
333 3193 395 3230 cum
403 3176 525 3230 moriens
537 3176 593 3230 alta
604 3176 675 3229 liber
687 3176 788 3229 aretin
801 3175 883 3243 ulmo,

220 3263 390 3332 Aethiopum
403 3279 543 3316 versemus
555 3264 616 3317 ovis
628 3264 680 3318 sub
692 3262 782 3316 sidere
796 3261 905 3317 Oancri.

220 3349 321 3404 Omnia
333 3351 421 3404 vincit
432 3350 536 3418 Am0r3
557 3357 585 3404 et
597 3367 647 3403 nos
660 3351 790 3404 cedamus
805 3348 933 3402 Amori.’'

255 3438 330 3492 llaec
343 3443 386 3492 sat
399 3439 458 3505 erit,
473 3438 562 3504 divae,
577 3443 700 3490 vestrum
715 3437 845 3490 cecinisse
858 3440 979 3504 poetam,

220 3524 294 3578 Dum
307 3524 384 3578 sedet
397 3535 425 3578 et
436 3523 530 3593 gracili
544 3523 673 3576 fiscellam
686 3523 756 3576 texit
766 3523 881 3588 hibisco,
