2706 3938
521 208 659 259 Vnuoltl
682 209 846 258 AENEIDOS
869 208 898 257 V.

204 374 273 431 Fida
284 390 346 427 reor
359 375 484 427 fraterna
495 372 593 440 Erycis
606 375 758 440 portusque
771 369 892 436 Sicanos,

203 462 232 514 Si
246 461 327 514 modo
340 463 393 514 rite
405 476 512 513 memor
525 463 633 512 servata
646 457 776 510 remetior
789 456 890 510 astra.”

203 548 272 601 Tum
285 549 347 617 pius
360 549 484 601 Aeneas:
508 545 669 615 “Equidem
683 544 721 597 sic
735 559 846 612 poscere
860 547 956 596 ventos

202 636 366 690 Iamdudum
380 643 408 689 et
420 636 521 688 frustra
534 650 616 687 cerno
630 642 657 685 te
670 631 784 685 tendere
796 636 902 684 contra.

203 723 297 776 Flecte
311 724 384 776 viam
398 722 473 775 velis,
511 720 558 772 An
573 721 608 772 sit
622 719 689 772 mihi
703 718 807 786 gratior
821 717 883 784 ulla,

204 810 300 874 Quove
313 809 400 877 magis
412 809 496 861 fessas
509 813 603 876 optem
616 806 762 859 demittere
775 805 860 871 navis,

204 895 292 961 Quam
307 912 375 964 quae
389 894 557 948 Dardanium
571 893 652 946 tellus
664 892 732 945 mihi
745 901 836 946 servat
848 893 979 960 Acesten,

203 983 240 1036 Et
252 984 339 1052 patris
352 982 492 1036 Anchisae
504 982 610 1050 gremio
623 979 814 1048 complectitur
827 979 904 1031 osset
916 978 931 1004 ’¹

204 1071 281 1125 Haec
292 1071 339 1124 ubi
353 1071 432 1132 dicta,
447 1077 546 1138 petunt
557 1077 663 1137 portus,
677 1073 705 1120 et
719 1066 779 1120 vela
792 1065 903 1118 secundi
981 1135 983 1140 Ι

204 1158 356 1211 intendunt
369 1157 505 1225 Zephyri;
527 1157 616 1209 fertur
629 1155 684 1207 cita
697 1153 805 1222 gurgite
818 1153 919 1220 classis,

203 1247 241 1301 Et
254 1247 364 1300 tandem
377 1245 441 1300 laeti
455 1251 537 1298 notae
551 1244 732 1298 advertuntur
744 1242 873 1296 harenae.

241 1336 280 1388 At
292 1332 388 1403 procul
402 1332 509 1386 excelso
523 1332 639 1384 miratus
653 1331 755 1383 vertice
768 1330 869 1382 montis

204 1421 365 1474 Adventum
379 1421 518 1488 sociasque
532 1425 605 1471 rates
618 1417 739 1471 occurrit
750 1416 875 1484 Acestes,

205 1508 342 1561 Horridus
353 1507 383 1560 in
395 1506 489 1560 iaculis
503 1512 530 1559 et
543 1505 613 1574 pelle
627 1503 776 1571 Libystidis
788 1520 874 1571 ursae,

204 1596 285 1651 Troia
298 1597 406 1649 Criniso
419 1603 582 1664 conceptum
595 1594 708 1647 flumine
720 1601 809 1648 mater

205 1683 293 1749 Quem
307 1685 411 1752 genuit.
449 1682 583 1736 Veterum
597 1698 653 1735 non
665 1683 810 1734 immemor
823 1681 870 1736 ille
883 1688 1029 1750 parentum

205 1772 338 1825 Gratatur
352 1770 465 1824 reduces
479 1777 508 1823 et
520 1786 586 1838 gaza
598 1769 687 1823 laetus
700 1770 801 1838 agresti

204 1860 323 1927 Excipit,
338 1875 369 1912 ac
382 1859 468 1911 fessos
480 1858 578 1928 opibus
591 1857 695 1912 solatur
708 1857 810 1911 amicis.

242 1954 356 2006 Postera
370 1958 431 2006 cuin
444 1953 534 2022 primo
549 1951 641 2006 stellas
654 1951 768 2006 Oriente
780 1951 892 2020 fugarat

206 2039 287 2095 Clara
299 2041 364 2109 dies,
380 2043 468 2095 socios
481 2043 507 2095 in
522 2048 630 2114 coetum
644 2041 726 2094 litore
739 2042 773 2094 ab
786 2041 861 2093 omni

124 2118 127 2122 ’
205 2128 335 2182 Advocut
348 2129 466 2195 Aeneas,
480 2129 634 2197 tumulique
648 2145 681 2182 ex
694 2145 793 2196 aggere
806 2129 896 2181 fatur:

207 2217 409 2272 “Dardanidae
423 2218 522 2286 magni,
538 2233 624 2285 genus
637 2217 693 2270 alto
705 2235 722 2270 a
735 2217 866 2285 sanguine
879 2215 979 2281 divom,

205 2305 324 2358 Annuus
336 2305 440 2359 exactis
452 2305 605 2372 completur
617 2306 756 2358 mensibus
769 2304 850 2369 orbis,

204 2391 247 2444 Ex
260 2409 314 2461 quo
327 2393 456 2461 reliquias
470 2393 610 2462 divinique
623 2410 684 2447 ossa
697 2395 819 2463 parentis

206 2479 387 2533 Condidimus
400 2487 475 2534 terra
486 2488 659 2549 maestasque
672 2483 837 2535 sacravimus
849 2498 918 2536 aras.

206 2566 319 2634 Iamque
332 2567 398 2632 dies,
414 2567 466 2620 nisi
479 2567 568 2635 fallor,
584 2568 668 2633 adest,
685 2586 764 2637 quem
779 2586 887 2637 semper
900 2569 1038 2636 acerbum,

206 2653 320 2721 Semper
332 2654 574 2708 honoratum-sic
586 2655 615 2707 di
628 2655 904 2710 voluistis-habebo

207 2740 287 2795 Hunc
301 2759 352 2810 ego
365 2742 490 2796 Gaetulis
503 2759 611 2810 agerem
626 2743 648 2796 si
662 2743 789 2810 Syrtibus
801 2744 885 2806 exsul,

206 2828 372 2897 Argolicove
385 2830 454 2889 mari
467 2829 618 2898 deprensus
631 2836 659 2884 et
672 2831 739 2884 urbe
753 2831 892 2897 Mycenae,

206 2917 309 2970 Annua
321 2923 387 2970 vota
400 2922 492 2970 tamen
506 2916 699 2985 sollemnisque
712 2918 807 2971 ordine
820 2935 934 2986 pompas

206 3003 386 3072 Exsequerer,
402 3011 591 3072 strueremque
605 3005 659 3056 suis
674 3005 770 3058 altaria
782 3005 869 3058 donis.

206 3089 288 3144 Nunc
301 3091 374 3143 ultro
387 3090 421 3143 ud
435 3091 540 3143 cineres
553 3093 639 3158 ipsius
652 3099 678 3144 et
692 3109 752 3144 ossa
765 3092 894 3160 parentis

207 3176 290 3230 Haud
303 3177 429 3245 equidem
444 3177 501 3230 sine
515 3182 607 3230 mente
621 3193 691 3240 reor,
707 3179 765 3230 sine
778 3179 889 3231 numine
901 3177 1003 3245 divom,

208 3263 348 3316 Adsumus
361 3269 389 3318 et
401 3269 498 3332 portus
510 3263 595 3316 delati
608 3265 744 3318 intramus
757 3266 867 3318 amicos.

1047 2011 1050 2090 l

207 3347 281 3417 Ergo
294 3349 373 3416 agite,
389 3357 417 3403 et
428 3349 531 3404 laetum
545 3352 637 3403 cuncti
651 3352 819 3405 celebremus
831 3353 981 3418 honorem,

207 3435 356 3488 Poscamus
369 3443 473 3500 ventos
489 3442 571 3504 atque
583 3437 653 3514 haec
665 3455 709 3491 me
722 3455 798 3491 sacra
810 3440 958 3508 quotannis

208 3519 283 3573 Urbe
296 3520 363 3574 velit
375 3521 464 3589 posita
475 3522 585 3590 templis
598 3523 651 3576 sibi
663 3524 735 3577 ferre
749 3525 854 3580 dicatis.
