2730 3936
474 869 503 937 P.
521 869 660 938 VERGILI
684 867 835 938 uiuariis

350 1107 351 1111 a
398 1053 446 1130 A
475 1053 511 1128 Ε
541 1053 586 1129 Ν
616 1054 652 1127 Ε
684 1053 706 1128 Ι
737 1053 779 1127 D
811 1051 848 1130 O
881 1053 909 1130 S

481 1248 617 1310 arena
648 1247 827 1311 ramus,

142 1545 231 1599 Arma
242 1544 391 1614 virumque
403 1559 481 1611 cauo,
495 1541 594 1596 Troiae
608 1541 654 1610 qui
668 1541 773 1610 primus
785 1541 819 1594 ab
832 1541 888 1594 oris

142 1631 260 1699 ltaliam,
276 1632 335 1685 fato
347 1631 487 1698 profugus,
501 1627 659 1696 Lavinaque
674 1628 750 1681 venit

142 1717 246 1786 Litora,
262 1718 379 1770 multum
393 1715 440 1769 ille
452 1721 480 1769 et
492 1716 574 1769 terris
586 1716 705 1769 iactatus
717 1719 746 1768 ei
758 1714 815 1768 alto

143 1804 183 1858 Vi
195 1819 327 1874 superum
340 1820 437 1858 saevae
449 1819 599 1856 memorem
613 1801 725 1855 Iunonis
738 1802 773 1854 ob
786 1802 864 1868 iram,

144 1891 233 1946 Multa
244 1908 354 1960 quoque
367 1895 397 1944 et
408 1889 481 1943 bello
493 1906 595 1958 passus,
610 1889 674 1942 dum
689 1888 821 1942 conderet
833 1889 939 1958 urbem,

143 1979 320 2047 Inferretque
332 1977 400 2031 deos
411 1976 506 2043 Laii03
526 1993 613 2046 genus
625 1975 698 2029 uude
711 1975 840 2029 Latinum

144 2065 302 2134 Albanique
313 2071 406 2133 patres
416 2071 498 2133 atque
510 2063 581 2118 altae
595 2063 704 2116 moenia
716 2062 829 2116 Romae.

180 2154 267 2221 Musa,
282 2153 351 2205 mihi
364 2169 458 2206 causas
470 2168 600 2217 memora,
616 2167 670 2220 quo
684 2151 796 2204 numine
808 2150 892 2218 laeso,

145 2240 255 2306 Quidve
267 2239 371 2306 dolens,
385 2239 480 2307 regina
492 2239 574 2292 deum
587 2244 630 2292 tot
643 2237 754 2291 volvere
769 2253 848 2291 eaeue

144 2328 285 2396 Insignem
298 2328 401 2396 pietate
414 2326 511 2391 virum,
525 2330 570 2378 tot
581 2324 656 2378 adire
668 2325 778 2378 labores

145 2414 297 2483 Impulerit.
335 2413 474 2467 Tantaene
488 2411 587 2466 animis
599 2411 761 2466 caelestibus
772 2410 847 2465 iraei

173 2571 254 2626 'Urbs
267 2571 454 2640 antiquarium,
469 2569 544 2638 Tyrii
557 2576 671 2624 tenuere
687 2569 786 2634 coloni,

145 2659 299 2727 Karthago,
314 2658 422 2712 ltaliam
436 2668 533 2713 eontra
545 2657 727 2726 Tiberinaque
740 2657 822 2724 louge

145 2747 230 2814 Ostia,
245 2746 324 2799 dives
336 2762 420 2814 opum
433 2744 584 2814 studiisque
598 2746 749 2814 asperrima
761 2744 843 2810 belli3

146 2834 235 2899 Quam
247 2833 319 2886 Iuno
331 2834 421 2886 fertur
433 2833 515 2886 terris
527 2833 615 2902 magis
628 2832 755 2886 omuibus
769 2847 852 2886 unam

145 2919 310 2975 Posthabita
322 2918 438 2973 coluisse
451 2919 548 2974 Samo:
570 2919 616 2974 hie
628 2919 701 2972 illius
714 2935 797 2985 arma,

145 3007 197 3062 Hie
209 3023 307 3061 currus
319 3005 388 3070 fuit3
409 3006 462 3060 hoe
475 3022 590 3076 regnum
604 3006 655 3060 dea
667 3006 795 3075 gentibue
813 3020 881 3073 esse,

145 3095 173 3148 Si
186 3113 240 3164 qua
252 3095 310 3149 fata
322 3093 421 3157 einana
436 3093 491 3147 iam
505 3099 563 3146 tum
578 3093 721 3162 tenditque
733 3094 874 3160 fovetque.

145 3181 308 3251 Progeniem
322 3180 369 3234 sed
383 3181 455 3234 euim
470 3180 590 3234 Troiano
603 3197 620 3234 a
632 3181 765 3246 sauguine
777 3179 841 3232 duci

146 3269 286 3337 Audierat,
302 3267 401 3336 Tyrius
412 3266 479 3320 olim
493 3283 561 3335 quae
572 3272 693 3320 verteret
706 3283 798 3334 araes3

145 3355 215 3411 Hine
228 3357 362 3426 populum
375 3354 433 3408 late
446 3369 537 3421 regem
551 3353 677 3422 belloque
690 3354 839 3422 superbum
865 3352 866 3356 ’

145 3443 300 3499 Venturum
314 3440 440 3497 exscidio
454 3438 572 3506 Libyae:
594 3441 633 3493 sia
646 3441 756 3494 volvere
769 3439 877 3495 Pareae.

146 3529 175 3586 Id
187 3538 312 3585 metuens
325 3527 485 3594 veterisque
498 3542 601 3580 memor
614 3527 742 3580 Saturnia
755 3527 827 3596 belli,
