2706 3938
429 235 568 284 VERGILI
591 235 755 284 AENEIDOS
777 235 809 284 V.

122 393 252 450 Servatam
268 397 304 450 cb
317 413 417 451 navem
431 396 520 450 laetus
533 397 678 465 sociosque
691 395 829 451 reductos.

122 481 170 534 Olli
181 499 258 537 serva
269 483 360 549 datur,
375 500 490 552 operum
505 483 579 537 haud
592 483 691 552 ignara
703 483 852 552 Minervae,

122 569 210 624 (bessa
221 589 315 640 genus,
329 571 444 640 Pholoe,
460 572 616 640 geminique
630 573 681 625 sub
695 572 779 626 ubere
790 572 859 627 nati.

152 657 208 712 lice
220 660 281 727 pius
293 659 404 713 Aeneas
416 660 503 713 misso
517 661 668 714 certamine
678 660 770 714 tendit

121 743 286 800 Gramineum
301 747 330 800 in
344 763 479 816 campum,
495 763 576 816 quem
590 747 705 800 collibus
718 746 839 816 undique
852 747 944 800 curvis

121 830 265 900 (lingebant
277 833 371 899 silvae,
388 833 531 903 mellisque
545 835 573 887 in
588 833 659 888 valle
672 834 775 888 theatri

120 918 208 974 Oircus
219 925 294 988 erat3
315 939 368 990 quo
382 939 410 975 se
423 922 518 975 multis
531 939 592 976 cum
606 921 718 975 milibus
731 921 813 975 heros

121 1004 246 1060 Ocnsessu
258 1007 381 1061 medium
396 1009 460 1061 tulit
473 1013 669 1076 exstrucmque
682 1008 792 1062 resedit.

119 1091 172 1160 Hic,
187 1096 231 1162 qui
244 1095 318 1149 forte
330 1095 417 1149 velint
430 1096 526 1164 rapido
539 1095 708 1150 contendere
721 1112 811 1165 cursu,

73 1166 80 1188 '
119 1179 214 1236 invitat
224 1183 323 1251 pretiis
335 1183 448 1251 animos,
464 1193 493 1238 et
506 1185 628 1252 praemia
641 1185 729 1253 ponit.

123 1260 237 1338 Undique
251 1272 422 1325 conveniunt
435 1271 533 1325 Teucri
546 1271 681 1341 mixtique
694 1271 794 1340 Sicani,

119 1354 195 1410 Nisus
207 1364 234 1410 et
246 1357 384 1424 Euryalus
396 1359 494 1427 primi3

119 1441 246 1510 Euryalus
258 1445 350 1498 forma
362 1446 477 1514 insignis
488 1447 624 1515 viridique
636 1447 757 1514 iuventa,

119 1528 194 1584 Nisus
206 1549 301 1585 amore
313 1531 360 1600 pic
373 1534 467 1601 pueri,
491 1551 560 1602 quos
572 1534 672 1588 deinde
685 1540 795 1588 secutus

119 1615 212 1684 Regius
224 1619 337 1688 egregia
350 1618 454 1673 Priami
468 1620 502 1674 de
516 1621 601 1690 stirpe
614 1621 727 1688 Dicrcs;

119 1700 193 1758 Hunc
205 1705 297 1759 Salius
309 1707 391 1759 simul
405 1714 433 1761 et
445 1707 559 1776 Patron,
576 1725 691 1777 quorum
706 1708 777 1762 alter
789 1707 929 1775 Acarnan,

118 1791 192 1845 Alter
204 1793 237 1847 ab
248 1793 371 1847 Arcadio
385 1792 526 1863 Tegeaeae
539 1795 672 1864 sanguine
684 1796 774 1864 gentis
785 1813 792 1861 ς

119 1877 178 1932 Tum
192 1881 246 1936 duc
259 1882 396 1936 Trinacrii
408 1883 530 1951 iuvenes,
544 1882 679 1950 Helymus
691 1881 879 1950 Panopesque,

118 1965 228 2024 Adsueti
240 1969 325 2036 silvis,
340 1970 455 2024 comites
467 1970 584 2023 senioris
596 1969 715 2023 Acestae
726 1988 733 2037 ;

118 2051 191 2109 Multi
203 2063 356 2126 praeterea,
371 2074 439 2126 quos
451 2057 527 2111 fama
546 2057 663 2110 obscura
675 2056 817 2110 recondit¹

119 2143 219 2198 Aeneas
231 2145 332 2214 quibus
344 2146 373 2198 in
386 2144 484 2198 mediis
497 2145 536 2198 sic
549 2144 650 2198 deinde
663 2144 785 2198 locutus:

121 2229 263 2300 “Accipite
275 2232 347 2286 haec
360 2232 467 2293 animis,
481 2232 621 2300 laetasque
635 2230 771 2286 advertite
783 2235 906 2284 mentes:

119 2314 200 2372 Nemo
213 2337 247 2374 ex
259 2321 314 2374 boc
327 2337 444 2374 numero
456 2319 526 2372 mihi
539 2335 596 2372 non
610 2319 729 2372 donatus
742 2318 837 2372 abibit.

120 2402 212 2460 Gnosia
223 2408 291 2462 bina
302 2407 375 2461 dabo
388 2408 481 2461 levato
494 2406 586 2460 lucida
598 2407 675 2460 ferro

103 2551 105 2557 ¹
120 2489 222 2560 Spicula
234 2495 422 2563 caelatamque
435 2500 550 2562 argento
563 2495 638 2548 ierre
651 2495 816 2562 bipennem3

121 2577 245 2635 Omnibus
258 2582 303 2636 hic
316 2582 369 2635 erit
382 2599 453 2635 unus
466 2582 562 2636 bonos.
602 2581 668 2634 Tres
680 2581 803 2650 praemia
815 2579 898 2648 primi

120 2668 264 2738 Accipient,
278 2670 405 2738 flavaque
418 2676 501 2737 caput
513 2674 661 2723 nectentur
673 2669 752 2722 oliva.

120 2751 221 2810 Primus
233 2774 335 2826 equum
350 2757 471 2825 phaleris
484 2757 620 2824 insignem
633 2757 723 2810 victor
734 2755 852 2813 habeto:

120 2840 192 2897 Alter
200 2844 384 2899 Amazoniam
396 2844 554 2912 pharetram
564 2844 729 2913 plenamque
743 2841 849 2911 sagittis

120 2926 250 3000 Threiciis,
258 2932 324 2986 lato
338 2947 418 3000 quam
431 2931 665 3000 circumplectitur
677 2947 746 2984 auro

121 3009 229 3087 Balteus,
244 3024 273 3072 et
285 3019 368 3073 tereti
381 3019 520 3072 subnectit
533 3017 618 3072 fibula
631 3034 756 3086 gemma3

121 3101 219 3160 Tertius
231 3106 365 3175 Argolica
376 3106 429 3160 hae
441 3106 518 3174 galea
531 3110 680 3159 contentus
692 3105 797 3160 abito.’'

121 3188 188 3248 Haec
200 3195 245 3248 ubi
259 3195 341 3262 dicta,
356 3195 449 3248 locum
467 3195 586 3262 capiunt,
603 3194 735 3262 signoque
749 3198 865 3262 repente

121 3277 273 3349 Corripiunt
286 3283 376 3350 spatia
388 3282 490 3350 audito,
505 3282 644 3350 limenque
658 3283 826 3350 relinquunt,

121 3362 199 3420 Effusi
210 3369 307 3423 nimbo
320 3368 430 3436 similes,
446 3369 526 3422 simul
539 3369 637 3422 ultima
650 3369 768 3437 signant.

121 3444 221 3508 Primus
234 3456 292 3510 abit
305 3455 441 3524 longeque
454 3461 519 3509 ante
532 3457 624 3508 omnia
637 3469 755 3524 corpora
764 3453 849 3508 Nisus

122 3533 227 3609 Emicat,
243 3549 272 3594 et
285 3543 377 3595 ventis
389 3549 418 3594 et
430 3541 555 3594 fulminis
568 3543 643 3596 ocior
656 3543 724 3600 alies
