2656 3940
500 216 637 266 VERGILI
660 216 826 266 ramnus
849 216 920 265 VIII.

232 377 309 432 Haeo
321 378 369 433 ubi
383 378 457 434 dieta
469 379 556 447 dedit,
571 378 639 432 solie
652 395 681 432 se
693 377 767 432 tollit
780 377 814 432 ab
828 378 899 446 alt0;

196 465 233 518 Et
244 465 365 533 primurn
378 464 522 520 Herculeis
534 467 637 534 sopitas
648 466 758 534 ignibus
770 483 831 519 aras

196 551 316 618 Excitat,
331 552 547 622 hesternumque
560 553 659 607 Larem
673 569 827 622 parvosque
839 553 953 607 Penatis

195 639 296 694 Laetus
308 640 382 708 adit;
402 646 527 694 maetant
539 641 625 694 lectas
637 640 671 693 de
684 657 762 695 more
773 641 894 694 bidentis

194 727 341 781 Euandrus
353 729 465 797 pariter,
480 729 584 796 pariter
597 728 715 782 Troiana
726 728 862 782 iuventus.

194 814 263 868 Post
274 816 339 869 hine
352 816 387 870 ad
399 817 477 870 navis
490 816 623 885 graditur,
639 816 781 883 sociosque
795 815 908 882 revisit3

195 899 318 964 Quorum
331 902 365 955 de
378 918 501 970 numero,
516 901 564 970 qui
577 901 678 954 sesain
695 900 768 954 bella
780 905 937 969 sequantur,

194 986 364 1042 Praestantis
377 990 479 1043 virtute
492 988 560 1058 legit
572 1008 577 1055 ;
599 1005 664 1056 pars
677 991 770 1041 uetera
782 1003 870 1056 prona

193 1075 293 1129 Fertur
305 1093 384 1145 aqua,
398 1079 544 1146 segnisque
557 1075 678 1130 seeundo
693 1073 789 1128 definit
802 1075 884 1142 amni,

193 1162 299 1217 Nuntia
311 1169 429 1218 ventura
441 1164 564 1218 Ascani0
578 1178 725 1231 rerumque
740 1161 888 1230 patrisque.

192 1250 302 1304 Dantur
314 1253 377 1320 equi
390 1251 502 1305 Teneris
515 1251 660 1318 Tyrrhena
673 1249 834 1318 petentibus
846 1264 930 1314 arvu3

191 1338 305 1392 Dueunt
317 1348 456 1394 exsortem
469 1339 591 1406 Aeneae,
607 1355 687 1407 quem
702 1337 779 1392 fulva
791 1335 879 1390 leonis

191 1425 276 1479 Pellis
289 1426 348 1480 obit
360 1432 458 1495 toturn,
473 1427 648 1495 praefulgens
661 1426 796 1493 unguibus
808 1423 906 1477 aureis.

227 1513 312 1566 Fama
324 1513 401 1567 volat
413 1529 526 1582 parvam
540 1514 632 1566 subito
645 1513 756 1582 volgata
767 1528 816 1580 per
832 1510 937 1578 urbem,

192 1599 276 1654 Oeius
288 1601 329 1654 ire
342 1601 448 1670 equites
458 1601 598 1668 ¹Tyrrheni
611 1601 646 1654 ad
659 1600 741 1654 litora
753 1601 832 1668 regis

191 1687 268 1743 Vota
280 1693 356 1742 metu
369 1689 510 1757 duplicant
522 1694 633 1754 matres,
647 1689 815 1757 propiusque
827 1685 932 1757 perielo

86 1799 88 1803 ¹
191 1775 219 1830 It
230 1777 321 1844 timor,
336 1783 363 1830 et
376 1779 465 1831 maior
477 1778 574 1831 Martis
587 1778 643 1831 iarn
656 1781 771 1846 apparet
783 1777 882 1844 imago.

191 1863 261 1916 Turn
273 1869 352 1932 pater
363 1864 510 1918 Euandrus
523 1865 651 1918 dextram
660 1865 825 1933 'complexus
837 1864 927 1919 euntis

191 1950 302 2020 Haeret,
316 1952 473 2021 inexpletus
485 1953 639 2018 lacrimans,
653 1970 686 2008 ae
698 1955 765 2009 talia
776 1955 863 2012 fatur:

193 2037 243 2091 “O
255 2039 324 2091 mihi
337 2041 502 2108 praeteritos
515 2041 616 2095 referat
629 2042 652 2094 si
665 2042 790 2112 IuppIter
803 2063 897 2117 annos,

191 2124 287 2189 Qualis
300 2143 382 2195 eram,
398 2144 459 2180 eum
473 2127 589 2196 primam
604 2129 691 2183 aeiem
705 2132 854 2188 Praeneste
867 2137 918 2190 snb
930 2137 990 2204 ipsa

191 2211 284 2266 Stravi
297 2219 493 2284 scutorumque
505 2215 616 2269 ineendi
632 2217 721 2272 vietor
732 2235 853 2288 aeervos,

189 2298 227 2352 Et
240 2315 332 2368 regem
345 2303 396 2356 hae
408 2303 523 2356 Erulum
536 2304 636 2359 dextra
648 2308 698 2361 sub
711 2307 826 2363 Tartara
841 2311 910 2378 misi,
955 2353 956 2356 η

190 2386 323 2442 Nascenti
337 2391 380 2443 eui
394 2391 443 2444 tris
455 2393 559 2446 animas
572 2393 691 2448 Feronia
702 2402 828 2451 mater-

190 2477 367 2531 Horrendum
380 2478 724 2537 dictu—dederat-terna
738 2501 815 2540 arma
827 2485 970 2553 movenda,

190 2565 243 2617 Ter
255 2566 313 2618 leto
326 2567 489 2619 sternendus
501 2575 575 2635 erat3
598 2571 641 2622 eui
654 2577 715 2624 tum
727 2577 823 2626 tamen
836 2575 926 2626 omnis

190 2651 315 2705 Abstulit
326 2653 394 2706 haee
408 2655 512 2709 animas
524 2656 630 2726 dextra,
646 2663 675 2713 et
687 2660 805 2714 totidem
819 2662 895 2714 exuit
908 2662 1038 2729 armis,-

190 2737 255 2791 Non
268 2755 319 2806 ego
332 2757 406 2794 nune
418 2741 491 2795 dulei
505 2745 634 2812 amplexu
649 2747 798 2802 divellerer
809 2765 933 2817 usquam,

189 2824 270 2892 Nate,
285 2834 343 2892 tuo,
356 2843 446 2897 neque
458 2829 577 2885 finitimo
593 2832 746 2888 Mezentius
758 2852 889 2904 nmquam

189 2910 261 2965 Huie
274 2913 358 2982 capiti
370 2915 505 2970 insultans
517 2925 561 2972 tut
574 2920 650 2973 ferro
663 2937 745 2975 saeva
756 2922 878 2976 dedisset

190 2997 304 3067 Funera,
321 3006 377 3054 tum
391 3003 485 3057 multis
499 3005 639 3060 viduasset
653 3008 758 3062 civibus
771 3010 876 3063 urbem.

190 3085 229 3137 At
241 3103 298 3155 vos,
314 3104 330 3141 ο
343 3090 442 3158 superi,
457 3097 486 3144 et
500 3091 593 3146 divom
608 3100 639 3147 tu
652 3097 773 3150 maxime
786 3102 878 3150 rector

189 3171 322 3242 luppiter,
337 3175 459 3244 Arcadii,
476 3195 585 3248 quaese,
603 3182 770 3236 miserescite
784 3185 864 3252 regis,

189 3259 226 3313 Et
237 3263 340 3328 patrias
355 3265 448 3319 audite
462 3282 572 3334 preces:
594 3267 623 3322 Si
637 3271 750 3324 numina
763 3277 855 3326 vestra

189 3345 358 3403 Incolumem
374 3352 501 3407 Pallanta
512 3355 589 3422 mihi,
607 3357 629 3409 si
642 3357 700 3410 futu
713 3363 864 3428 reservant,

190 3434 218 3486 Si
231 3435 338 3489 visurus
351 3453 412 3490 eum
427 3439 491 3493 vivo
504 3445 532 3492 et
544 3448 677 3494 venturus
690 3445 719 3496 in
731 3460 834 3498 unum:

190 3519 284 3574 Vitam
300 3538 365 3588 0r03
386 3525 478 3590 patior
490 3528 614 3592 quemvis
626 3528 726 3582 durare
739 3530 872 3584 laborem.
