2730 3936
440 217 579 267 VERGILI
601 219 790 269 GEORGIGON
813 220 858 271 IV.

130 377 193 431 Stat
205 379 322 432 fortuna
334 378 438 447 domus,
453 384 481 434 et
494 380 540 433 111
553 384 735 434 numerantur
747 398 871 436 avorum.

130 463 284 518 Praeterea
296 481 390 533 regem
402 482 459 519 nou
472 467 512 520 sio
524 467 669 535 Aegyptos
680 472 709 520 et
721 467 819 535 ingens

131 551 229 620 Lydia,
244 569 296 605 nec
309 552 405 621 populi
418 552 586 607 Parthorum
598 558 647 607 aut
659 554 757 608 Medus
770 554 915 625 Hydaspes

133 639 301 693 Observant.
340 639 416 708 Rege
428 640 561 694 incolumi
574 657 653 694 mena
665 642 794 695 omnibus
805 659 861 696 una
871 647 928 710 est;

132 725 247 778 Amisso
260 743 360 794 rupere
371 726 461 794 fidem,
476 733 689 796 constructaque
700 728 783 782 mella

131 813 283 882 *Diripuere
295 814 371 882 ipsae
384 821 412 868 et
425 815 509 868 011111
521 815 628 868 1111616
641 816 775 870 favorum.

133 901 186 954 Ille
198 916 315 970 operum
328 908 427 970 eustos,
443 902 520 954 illum
533 902 713 966 admirantur,
728 908 758 956 et
770 919 865 958 omnes

135 988 325 1042 Circumstant
336 988 449 1042 fremitu
463 988 549 1043 denso
562 989 720 1060 stipantque
731 991 898 1060 frequentes,

132 1075 172 1128 Et
184 1090 267 1143 saepe
279 1074 411 1128 attollunt
424 1077 532 1145 umeris,
546 1083 576 1130 et
588 1093 705 1146 corpora
717 1077 791 1131 bello

135 1163 285 1216 Obiectant
297 1162 494 1232 pulchramque
506 1169 606 1232 petunt
617 1181 667 1233 per
680 1164 795 1218 volnera
805 1171 934 1220 mortem.

171 1249 223 1303 His
236 1249 346 1319 quidam
359 1249 450 1318 signis,
464 1256 547 1318 atque
558 1251 626 1304 haec
639 1250 766 1319 exempla
777 1252 873 1320 secuti,

133 1337 202 1390 Esse
215 1337 313 1405 apibus
326 1341 432 1405 partem
445 1337 556 1392 divinae
570 1339 670 1392 mentis
683 1344 711 1392 11
724 1338 838 1392 haustus

134 1424 286 1478 Aetherios
298 1423 408 1478 dixere:
428 1424 510 1477 deum
523 1441 642 1494 namque
654 1427 696 1480 ire
708 1442 758 1494 per
771 1426 861 1480 omnis

134 1511 288 1580 Terraeque
302 1516 459 1580 tractusque
472 1512 556 1566 maris
568 1513 728 1582 caelumque
740 1513 924 1582 profundum

135 1598 210 1651 Hinc
222 1598 349 1667 pecudes,
364 1609 495 1668 armenta,
510 1599 593 1667 11111,
607 1616 694 1667 genus
705 1616 787 1654 omne
799 1601 930 1670 ferarum,

135 1685 281 1754 Quemque
294 1685 345 1739 sibi
358 1686 449 1740 tenuis
461 1697 621 1741 nascentem
634 1703 771 1741 arcessere
783 1688 871 1756 vitas3

135 1772 249 1826 Scilicet
261 1772 316 1826 huc
328 1772 404 1826 reddi
417 1773 517 1828 deinde
529 1791 561 1828 11
575 1775 695 1828 10101111
707 1775 802 1828 referri

134 1859 246 1927 Omnia,
260 1876 311 1913 uec
323 1860 407 1914 morti
419 1877 477 1914 esse
488 1861 588 1929 locum,
603 1862 650 1914 sed
663 1861 832 1916 1111101111
892 1875 896 1884 ·

134 1947 241 2002 Sideris
252 1947 283 2000 in
294 1963 440 2002 numerum
453 1954 535 2017 atque
548 1949 604 2002 alto
617 1949 764 2002 succedere
777 1949 860 2003 caelo.

172 2034 201 2088 si
214 2035 326 2104 quaudo
338 2035 431 2089 sedem
445 2041 589 2104 angustam
604 2041 767 2104 servataque
779 2035 863 2090 mella

134 2121 285 2176 Thesauris
296 2122 404 2190 relines,
418 2122 494 2191 prius
506 2122 606 2176 haustu
619 2139 730 2191 sparsus
742 2139 875 2190 aquarum

135 2209 194 2262 Ora
206 2208 277 2276 fove,
292 2210 438 2279 fumosque
452 2226 534 2265 manu
547 2209 697 2278 praetende
710 2210 842 2278 sequacis.

135 2297 185 2350 Bis
196 2297 326 2364 gravidos
336 2302 439 2366 cogunt
451 2298 533 2365 fetus,
548 2297 603 2351 duo
615 2304 743 2366 tempore
755 2296 866 2350 messis:

134 2385 258 2453 Taygete
270 2384 350 2437 simul
363 2401 394 2438 os
405 2385 486 2438 terris
499 2385 620 2439 ostendit
632 2385 780 2438 honestum

134 2471 212 2527 Plias
224 2476 252 2525 et
265 2470 369 2525 Oceani
381 2477 489 2540 spretos
500 2471 572 2540 pede
584 2472 705 2540 reppulit
716 2471 813 2538 amnis,

136 2559 195 2612 Aut
208 2558 305 2612 eadem
317 2557 392 2612 sidus
404 2559 513 2626 fugiens
527 2559 572 2613 ubi
585 2559 672 2612 Piscis
685 2557 781 2627 aquosi
867 2557 869 2562 '

135 2645 253 2698 Tristior
264 2645 396 2699 hibernas
409 2645 484 2699 caelo
497 2645 641 2700 descendit
652 2647 681 2698 in
693 2645 790 2698 undas.

135 2731 193 2785 Illis
206 2732 248 2784 ira
260 2731 373 2784 modum
385 2748 467 2800 supra
479 2739 529 2804 est,
543 2733 686 2802 laesaeque
699 2746 837 2786 venenum

135 2818 274 2872 Morsibus
285 2818 431 2887 inspirant,
445 2823 475 2872 et
487 2819 590 2887 spicula
603 2837 685 2874 01101
697 2819 857 2886 relinquunt

135 2905 253 2960 Adfixae
266 2905 351 2974 venis,
367 2906 527 2974 animasque
541 2906 569 2959 in
583 2906 696 2960 volnere
709 2910 825 2975 ponunt.

136 2992 183 3046 Sin
196 2993 293 3046 duram
307 2998 414 3046 metues
425 2992 546 3047 hiemem
559 3010 708 3062 parcesque
720 2994 822 3061 futuro,

135 3079 347 3149 Contunsosque
359 3080 467 3134 animos
480 3084 509 3134 61
522 3097 564 3134 111
577 3080 743 3134 miserabere
756 3081 876 3136 fractas:

135 3165 174 3219 At
185 3166 278 3219 suffire
290 3166 389 3233 thymo
402 3183 530 3235 cerasque
543 3167 665 3221 recidere
677 3167 768 3220 inanis

134 3252 201 3316 Quis
213 3253 340 3307 dubitetl
360 3269 424 3306 uam
438 3269 519 3321 saepe
532 3253 609 3307 savos
621 3254 731 3321 ignotus
743 3252 837 3308 adedit

26 3407 32 3414 ι
133 3339 229 3394 Stellio
242 3347 271 3394 et
282 3341 413 3408 lucifugis
426 3348 559 3407 congesta
570 3341 673 3394 cubilia
685 3341 788 3407 blattis,

132 3427 320 3497 immunisque
333 3427 433 3482 sedens
447 3427 537 3482 alienu
549 3428 583 3481 ad
596 3429 697 3496 pabula
710 3430 805 3495 fucus3

131 3515 190 3568 Aut
202 3531 284 3584 asper
295 3516 396 3569 crabro
408 3514 561 3581 imparibus
573 3532 602 3568 11
615 3517 763 3570 immiscuit
776 3514 867 3582 armis,

206 3597 222 3650 t
