2730 3936
439 198 576 248 VERGILI
600 195 764 246 AENEIDOS
787 195 819 243 11.

127 365 193 419 Talis
205 367 233 418 in
245 365 326 419 hoste
337 363 390 418 fuit
403 362 531 427 Priamo;
552 358 600 412 sed
613 358 674 411 iura
686 355 822 424 iidemque

126 452 255 522 Supplicis
268 452 387 511 erubuit.
402 463 555 516 corpusque
568 461 706 513 exsangue
719 442 845 512 sepulcro

54 563 55 566 ¹
125 539 251 592 Reddidit
264 539 443 604 Hectoreum,
458 551 555 603 meque
566 534 597 585 in
610 548 673 585 mea
685 547 770 598 regua
783 528 915 582 remisit.’'

126 626 166 680 Sic
178 639 250 680 tatus
263 627 363 693 senior,
378 623 518 691 telumque
529 619 639 673 imbelle
652 618 711 672 siue
724 618 780 671 ictu

126 714 251 780 Oouiecit,
266 729 353 766 rauco
366 710 439 779 quod
452 709 578 779 protinus
591 722 654 760 aere
668 703 806 773 reprdsum

124 799 157 852 Et
169 817 275 854 summo
289 799 370 868 clipei
382 798 547 866 nequiquam
562 794 680 847 umbone
693 790 831 860 pependit.

125 886 171 940 Oui
182 887 323 954 Pyrrhus:
347 887 363 914 “
373 885 487 938 Referes
500 899 566 950 ergo
579 882 646 934 haec
659 885 687 932 et
699 878 812 932 nuntius
822 877 876 930 ibis

124 973 231 1028 Pelidae
243 973 380 1042 genitori;
400 972 441 1025 illi
453 987 516 1024 mea
529 969 619 1023 tristia
630 967 706 1020 facta

17 1065 18 1122 ζ
124 1063 348 1132 Degeneremque
361 1059 573 1129 Neoptolemum
588 1071 700 1110 narrare
712 1057 861 1106 memento.

17 1181 18 1188 ι
123 1150 200 1206 Nunc
211 1150 350 1206 morere.”
387 1148 448 1202 Hoc
460 1147 553 1201 diceus
569 1145 667 1199 altaria
679 1142 713 1196 ad
725 1143 786 1210 ipsa
797 1145 963 1194 trementem

123 1239 214 1294 Traxit
226 1246 255 1294 et
267 1241 301 1292 in
314 1238 401 1291 multo
413 1237 566 1304 lapsantem
582 1232 714 1300 sanguine
727 1229 792 1296 uati,

123 1327 317 1396 Inplicuitque
329 1343 436 1380 comam
448 1324 534 1392 laeva,
548 1322 700 1388 dextraque
713 1331 857 1371 coruscum

123 1414 226 1468 Extulit
239 1433 271 1469 ac
284 1415 368 1468 lateri
381 1411 572 1481 capulotenus
587 1406 692 1463 abdidit
706 1421 807 1458 ensem.

124 1502 195 1556 Haec
207 1503 273 1556 finis
286 1501 392 1554 Priami
405 1501 525 1553 fatorum
538 1516 544 1564 ;
564 1496 610 1548 bic
623 1493 713 1547 exitus
725 1491 803 1544 illum

123 1589 200 1644 Sorte
212 1591 288 1658 tulit,
304 1589 415 1642 Troiam
427 1588 566 1640 incensam
581 1590 608 1638 et
621 1580 750 1652 prolapsu
762 1578 902 1631 videntem

122 1677 261 1746 Pergama,
276 1683 322 1730 tot
335 1675 474 1745 quondam
487 1673 596 1743 populis
609 1670 745 1737 terrisque
758 1666 904 1734 superbum

123 1764 309 1834 Regnatorem
323 1765 414 1817 Asiae.
453 1763 528 1817 Iacet
543 1763 640 1830 ingens
654 1761 736 1814 litore
749 1765 870 1825 truncus,

123 1853 313 1922 Avulsumque
326 1852 429 1905 umeris
442 1855 531 1919 caput,
547 1855 575 1902 et
588 1850 646 1902 sine
658 1849 773 1901 nomine
786 1863 892 1914 corpus.

87 1903 116 1998 >b
156 1940 252 1994 Arme
265 1944 327 1994 tum
341 1939 459 2007 primum
473 1953 570 1991 saevus
583 1936 765 1995 circumstetit
780 1934 885 1986 horror.

124 2026 267 2096 Obstipui3
290 2027 373 2080 subiit
386 2026 440 2080 cari
454 2024 587 2093 genitoris
599 2024 698 2091 image,

123 2113 159 2167 Ut
170 2132 264 2183 regem
279 2130 450 2182 aequaevum
464 2111 569 2166 crudeli
579 2111 691 2165 volnere
706 2110 763 2163 vidi

123 2200 214 2256 Vitam
229 2201 408 2256 exhalantem
419 2220 425 2268 ς
446 2200 531 2252 subiit
543 2198 652 2252 deserta
665 2198 776 2265 Creusa,

121 2287 157 2342 Et
168 2290 281 2359 direpta
294 2289 400 2355 domus,
415 2292 443 2340 et
455 2287 534 2356 parvi
549 2304 626 2341 casus
639 2287 699 2342 Iuli.

124 2374 256 2444 Respicio,
273 2381 310 2442 et,
325 2392 395 2444 quae
409 2375 445 2427 eit
456 2391 501 2427 me
514 2375 616 2427 circum
632 2374 824 2443 copia-lustro.

124 2461 275 2517 Deseruere
289 2479 385 2516 omnes
397 2461 504 2530 defessi,
518 2466 546 2515 et
559 2478 676 2530 corpora
689 2461 760 2514 saltu
774 2511 777 2520 ,

124 2550 167 2602 Ad
178 2557 285 2605 terram
299 2551 398 2604 misere
411 2553 458 2603 aut
470 2549 580 2617 ignibus
593 2565 675 2617 aegra
686 2548 794 2602 dedere.

156 2637 271 2707 Iamque
286 2637 354 2691 adeo
367 2654 448 2706 super
461 2654 532 2690 unus
546 2654 629 2706 eram,
644 2653 706 2691 cum
719 2636 814 2690 limina
829 2635 931 2691 Vestae

125 2725 288 2780 Servautem
302 2730 330 2778 et
341 2726 455 2779 tacitam
468 2732 574 2779 secreta
590 2726 620 2777 in
633 2725 697 2778 sede
709 2725 842 2778 latentem

125 2811 283 2878 Tyndarida
295 2813 411 2881 aspicio:
433 2813 501 2866 dant
516 2813 589 2867 clara
600 2813 728 2866 incendia
740 2811 830 2866 lucem

125 2899 232 2953 Erranti
246 2901 402 2969 passimque
416 2899 509 2954 oeulos
521 2917 572 2969 per
585 2905 685 2954 cuncta
696 2901 806 2953 ferenti.

125 2985 173 3039 llla
184 2988 237 3040 sibi
249 2989 368 3041 infestos
381 3004 477 3042 eversa
492 2989 529 3041 ob
543 2987 678 3056 Pergama
690 2987 809 3041 Teucros

125 3072 159 3126 Et
171 3091 277 3142 poenas
290 3074 415 3129 Danaum
429 3079 458 3128 et
470 3075 571 3128 deserti
584 3075 708 3142 coniugis
720 3075 775 3128 iras

126 3159 331 3227 Praemctuens‚
345 3160 444 3216 Troiae
460 3167 487 3214 et
502 3162 607 3230 patriae
620 3164 774 3216 communis
786 3161 894 3229 Erinys,

127 3247 283 3302 Abdiderat
295 3265 354 3303 sese
368 3254 450 3318 atque
463 3250 517 3303 aris
528 3250 618 3303 invisa
631 3249 750 3303 sedebat.

126 3335 258 3390 Exarsere
271 3337 349 3405 ignes
361 3338 470 3403 animo;
490 3337 565 3390 subit
576 3337 617 3390 ira
630 3337 773 3390 cadentem

129 3420 226 3477 Ulcisci
239 3425 359 3492 patriam
372 3431 400 3477 et
413 3423 557 3477 sceleratas
570 3439 676 3477 sumere
690 3441 799 3492 poenas.

128 3509 238 3564 Scilicet
251 3510 319 3565 haec
332 3511 459 3579 Spartam
473 3510 617 3564 incolumis
630 3511 785 3579 patriasque
798 3510 928 3578 Mycenas

171 3599 204 3648 10
304 3628 322 3664 c
