2730 3936
552 229 691 278 vaurum
714 229 879 278 AENEIDOS
902 229 922 280 Ι.

225 391 254 446 Si
266 408 353 461 genus
366 391 517 446 humanum
531 396 560 445 et
572 391 700 445 mortalia
712 391 836 445 temnitis
849 407 933 458 arma,

225 479 265 533 At
278 485 386 548 sperato
399 479 466 533 deos
477 494 615 532 memores
626 479 705 533 fandi
719 486 800 548 atque
813 478 935 533 nefandi.

225 566 285 620 Rex
298 572 358 620 erat
372 567 482 620 Aeneas
493 565 582 634 nobie,
597 582 652 634 quo
664 567 764 620 iustior
779 567 855 633 alter,

225 653 284 707 Nec
296 654 398 722 pietate
411 654 466 707 fuit
479 670 530 706 nec
543 653 615 706 bello
629 653 716 707 maior
729 659 757 707 et
770 653 861 706 armis.

225 741 313 806 Quem
326 741 348 793 si
361 741 418 794 fata
431 734 518 793 virum
534 746 653 808 servant,
669 742 692 794 si
704 741 826 794 vescitur
838 756 906 793 aura

224 828 365 894 Aetheria,
381 844 469 896 neque
482 827 572 881 adhuc
587 827 745 881 crudelibus
760 827 877 881 occubat
888 827 1002 896 umbris,

225 913 289 967 Non
302 920 408 981 motus3
430 914 520 968 officio
533 931 584 968 neo
598 920 626 968 te
641 921 760 969 certasse
773 915 892 983 priorem

224 1001 375 1055 Paeniteat.
414 1001 484 1054 Sunt
497 1008 525 1055 et
538 1000 637 1055 Siculis
655 1001 813 1070 regionibus
827 1002 910 1055 urbes

223 1089 359 1159 Arvaque,
375 1091 546 1159 Troianoque
561 1107 577 1143 a
590 1092 724 1158 sauguine
738 1089 827 1143 clarus
840 1090 964 1143 Acestes.

224 1177 384 1242 Quassatam
399 1179 488 1232 ventis¹
500 1178 582 1232 liceat
595 1179 747 1232 subducere
763 1178 886 1244 classem,

222 1261 259 1314 Et
272 1263 347 1316 silvis
359 1269 455 1331 aptare
467 1265 560 1318 trabes
573 1270 601 1317 et
614 1264 749 1331 stringere
762 1279 860 1330 remos,

224 1351 252 1403 Si
265 1352 348 1404 datur
359 1350 476 1417 ltaliam,
491 1351 571 1404 sociis
584 1357 611 1404 et
625 1367 690 1418 rege
703 1355 824 1417 recepto,

223 1438 352 1503 Tendere,
381 1444 397 1490 t
411 1436 520 1492 Italiam
533 1438 598 1491 laeti
613 1437 776 1507 Latiumque
789 1441 932 1506 petamus3

223 1524 272 1578 Sin
285 1526 430 1593 absumpta
442 1525 521 1591 salus,
533 1532 561 1579 et
573 1533 609 1593 te,
623 1530 702 1594 pater
718 1524 823 1595 optime
836 1523 979 1593 Teucrum,

223 1613 329 1666 Pontus
341 1613 427 1667 habet
438 1613 550 1681 Libyae,
565 1629 615 1667 nee
624 1629 687 1682 spes
696 1613 751 1666 iam
763 1616 850 1666 restat
862 1611 924 1678 luli,

223 1700 263 1754 At
274 1701 347 1755 freta
360 1700 483 1755 Sicaniae
497 1701 593 1755 saltem
607 1699 738 1769 sedesque
751 1706 868 1769 paratae,

224 1787 304 1842 Unde
315 1789 370 1842 hue
382 1787 498 1856 advecti,
513 1804 660 1856 regemque
673 1795 799 1857 petamus
810 1786 960 1840 Acesten.’'

224 1874 334 1929 Talibus
346 1875 481 1943 llioueus3
502 1875 594 1929 cuncti
606 1875 687 1930 simul
700 1892 748 1930 ore
757 1876 915 1931 fremebant

223 1963 406 2018 Dardanidae.

259 2051 327 2103 Tum
340 2051 462 2106 breviter
473 2051 554 2121 Dido,
570 2052 675 2107 voltum
688 2053 813 2123 demissa,
827 2056 970 2123 profatur:

225 2138 356 2192 “Solvite
369 2138 451 2193 corde
461 2145 574 2205 metum,
590 2139 696 2209 Teucri,
713 2141 845 2196 secludite
858 2160 944 2198 curas.

224 2225 279 2278 Res
291 2226 359 2279 dura
372 2231 400 2280 et
413 2227 490 2295 regni
503 2227 613 2281 novitas
625 2245 669 2281 me
682 2228 749 2283 talia
764 2237 866 2299 coguut

224 2312 324 2381 Moliri,
340 2319 367 2366 et
379 2313 434 2366 late
447 2312 510 2364 finis
522 2313 635 2366 custode
648 2313 728 2367 tueri.

225 2399 292 2464 Quis
304 2416 389 2468 genus
403 2398 573 2466 Aeneadum,
589 2400 649 2467 quis
661 2400 757 2452 Troiae
771 2399 875 2452 nesciat
888 2399 994 2466 urbem,

225 2486 405 2555 Virtutesque
418 2487 552 2554 virosque,
568 2491 616 2540 aut
628 2486 699 2539 tanti
713 2485 840 2539 incendia
853 2485 933 2540 bellil

225 2573 289 2626 Non
303 2574 421 2626 obtunsa
434 2572 502 2626 adeo
516 2578 655 2640 gestamus
667 2579 780 2640 pectora
793 2572 888 2641 Poeni,

225 2659 252 2712 N
253 2677 284 2713 ec
296 2665 354 2713 tam
366 2664 575 2727 aversus'equoe
588 2660 670 2725 Tyria
683 2659 729 2711 Sol
741 2659 832 2727 iungit
845 2660 879 2714 ab
893 2661 970 2714 urbe.

225 2748 278 2801 Seu
292 2764 342 2800 vos
355 2747 516 2815 Hesperiam
529 2763 660 2813 magnam
674 2746 856 2815 Saturniaque
869 2762 943 2814 arva,

225 2834 289 2888 Sive
302 2835 399 2900 Erycis
411 2833 475 2887 finis
487 2851 635 2902 regemque
650 2834 752 2901 optatis
764 2835 894 2901 Acesten,

226 2921 338 2975 Auxilio
352 2927 427 2974 tutos
439 2922 584 2989 dimittam,
603 2922 755 2990 opibusque
768 2921 877 2975 iuvabo.

226 3009 318 3063 Voltis
331 3014 359 3061 et
372 3009 414 3060 his
426 3024 534 3062 mecum
548 3010 652 3077 pariter
668 3009 809 3062 considere
822 3009 928 3076 regnis:

227 3096 326 3149 Urbem
342 3112 422 3164 quam
436 3100 534 3163 statuo,
549 3100 641 3149 vestra
655 3101 711 3162 est,
733 3095 876 3149 subducite
889 3095 984 3163 navis3

225 3181 293 3235 Tros
306 3181 457 3250 Tyriusque
471 3182 539 3234 mibi
551 3181 628 3235 nullo
643 3182 800 3235 discrimine
813 3189 917 3249 agetur.

226 3268 317 3336 Atque
330 3269 436 3322 utinam
450 3286 498 3322 rex
511 3269 570 3337 ipse
584 3268 660 3322 Noto
674 3268 832 3336 compulsus
845 3269 943 3322 eodem

225 3355 345 3409 Adforet
357 3357 481 3409 Aeneasl
519 3355 656 3423 Equidem
668 3372 718 3424 per
730 3355 813 3409 lit-ora
825 3361 916 3409 certos

224 3441 370 3494 Dimittam
383 3447 411 3495 et
423 3441 526 3507 Libyae
538 3441 656 3495 lustrare
670 3447 794 3495 extrema
806 3442 915 3509 iubebo,

226 3525 253 3576 Si
266 3526 364 3593 quibus
377 3526 480 3578 eiectus
492 3525 568 3578 silvis
581 3531 628 3578 aut
641 3525 755 3579 urbibus
767 3525 870 3580 errat.’'
