2706 3938
498 237 636 287 vanam
659 232 824 283 annnlnos
847 231 890 280 IV.

190 405 302 462 Finibus
315 402 441 468 extorris,
457 400 602 468 complexu
615 397 725 450 avulsus
739 377 798 461 Iuli,

188 492 331 546 Auxilium
343 489 480 558 imploret,
497 487 642 554 videatque
655 484 769 552 indigna
782 497 893 534 suorum

188 581 311 645 Funera3
332 594 391 645 nec,
407 593 469 629 cum
483 592 511 628 se
525 575 575 626 sub
589 573 662 640 leges
675 570 750 640 pacis
762 569 871 637 iniquae

189 666 351 732 Tradiderit‚
365 679 452 730 regno
466 672 514 715 aut
528 666 622 728 optata
636 659 697 711 luce
711 658 834 724 fruatur3

189 754 243 807 Sed
256 753 336 807 cadat
348 756 413 804 ante
425 749 497 802 diem
513 747 656 815 mediaque
671 745 830 798 inhumatus
843 743 955 796 harena.

190 841 265 894 Haeo
277 855 384 908 precor,
399 837 470 890 hanc
485 851 580 888 vocem
596 838 747 887 extremam
761 847 823 884 cum
837 831 969 897 sanguine
981 828 1076 881 fundo.

189 929 258 981 Tum
272 945 330 995 vos,
345 943 361 979 o
374 925 458 992 Tyrii,
474 924 588 990 stirpem
603 926 631 974 et
643 937 730 988 genus
742 934 823 971 omne
836 918 961 970 futurum

190 1000 323 1069 Exercete
337 1015 416 1080 odiis,
431 1012 570 1079 cinerique
583 1009 651 1061 baec
664 1007 765 1060 mittite
778 1011 874 1058 nostro

190 1104 312 1157 Munera.
351 1101 451 1154 Nullus
465 1116 542 1154 amor
555 1095 672 1166 populis,
687 1110 738 1146 nec
751 1093 864 1146 foedera
875 1097 966 1146 sunto·

190 1191 323 1244 Exoriare
336 1190 434 1258 aliquis
447 1187 550 1241 nostris
563 1202 596 1239 ex
611 1182 717 1236 ossibus
729 1181 812 1248 ultor,

191 1279 244 1344 Qui
257 1280 316 1332 face
329 1278 484 1332 Dardanios
498 1277 627 1344 ferroque
642 1287 756 1341 sequare
770 1269 890 1335 colonos,

191 1366 279 1433 Nunc,
295 1367 369 1432 olim,
385 1381 557 1434 quocumque
570 1363 676 1416 dabunt
690 1375 718 1412 se
732 1363 856 1424 tempore
870 1355 950 1408 vires.

191 1453 287 1507 Litora
298 1453 426 1507 litoribus
439 1451 585 1519 contraria,
599 1448 727 1502 ductibus
741 1443 830 1497 undas

191 1540 340 1608 imprecor,
356 1556 433 1593 arma
446 1540 546 1605 armis3
567 1542 690 1606 pugnent
703 1536 809 1604 ipsique
824 1527 1022 1599 nepotesque.'’

228 1627 303 1680 Haeo
316 1628 361 1692 ait,
377 1631 405 1679 et
418 1626 504 1695 partis
518 1627 639 1678 animum
654 1625 783 1678 versabat
796 1621 823 1673 in
838 1617 935 1682 omnis,

193 1714 312 1766 lnvisam
325 1729 459 1782 quaereus
472 1730 553 1781 quam
569 1713 685 1780 primum
699 1711 863 1776 abrumpere
876 1705 975 1757 lucem.

192 1801 261 1853 'lum
274 1801 396 1854 breviter
410 1800 516 1853 Barcen
529 1800 665 1852 nutricem
679 1799 773 1852 adfata
785 1797 916 1864 Sychaei3

193 1887 319 1956 Namque
331 1905 408 1940 suam
421 1887 512 1955 patria
525 1888 637 1955 antiqua
650 1887 720 1939 cinis
732 1895 791 1939 ater
804 1884 940 1937 babebat:

194 1976 331 2028 “Annam
345 1975 488 2028 caremihi
502 1975 596 2027 nutrix
608 1974 660 2026 buo
674 1974 739 2027 siste
752 1989 890 2036 sororem3

193 2062 245 2116 Dic
258 2079 358 2130 corpus
370 2070 502 2130 properet
514 2060 618 2116 fluviali
633 2077 761 2129 spargere
775 2061 896 2129 lympha,

194 2150 231 2203 Et
242 2150 361 2218 pecudes
374 2167 465 2203 secum
480 2156 508 2202 et
520 2154 673 2228 monstrata
685 2149 794 2217 piacula
807 2149 904 2214 ducat3

90 2269 97 2282 ι
194 2237 238 2291 Sic
253 2237 360 2304 veniat;
380 2242 465 2306 tuque
478 2239 536 2304 ipsa
549 2238 595 2305 pia
608 2242 670 2305 tege
683 2245 808 2306 tempora
822 2239 899 2288 vitta.

194 2325 277 2380 Sacra
289 2325 350 2378 Iovi
364 2324 468 2392 Stygio,
483 2341 552 2393 quae
565 2325 618 2378 rite
631 2325 742 2393 incepta
753 2324 857 2393 paravi,

194 2413 329 2468 Perficere
342 2419 384 2466 est
396 2412 511 2478 animus,
526 2412 663 2481 finemque
678 2413 821 2481 imponere
835 2413 915 2478 curis,

194 2499 380 2568 Dardaniique
393 2515 491 2566 rogum
504 2501 602 2568 capitis
617 2500 777 2568 permittere
790 2497 944 2552 flamnrae.’'

194 2588 240 2641 Sic
253 2588 300 2640 ait.
337 2586 389 2640 Illa
401 2586 517 2655 gradum
530 2587 622 2640 studio
635 2588 774 2641 celerabat
787 2587 860 2640 anili.

196 2676 235 2728 At
248 2675 363 2742 trepida,
379 2680 407 2727 et
419 2675 524 2742 coeptis
537 2675 703 2729 immanibus
718 2675 805 2728 effera
817 2674 898 2738 Dido,

195 2763 376 2831 Sanguineam
390 2762 505 2814 volvens
518 2763 614 2828 aciem,
630 2763 798 2830 maculisque
811 2760 956 2814 trementis

194 2851 334 2904 Interfusa
346 2865 436 2917 genas,
451 2854 480 2902 et
491 2849 593 2917 pallida
605 2855 696 2902 morte
708 2850 811 2916 futura,

195 2937 332 2990 interiora
344 2936 442 2990 domus
455 2938 590 3005 inrumpit
603 2937 705 3002 limina,
721 2943 749 2990 et
763 2937 832 2990 altos

196 3024 363 3078 Conscendit
374 3024 525 3078 furibunda
538 3041 627 3092 rogos,
643 3041 790 3092 ensemque
803 3023 920 3076 recludit

195 3111 373 3179 Dardanium,
388 3128 443 3164 non
459 3112 509 3165 hos
525 3113 677 3180 quaesitum
690 3128 790 3164 munus
803 3112 831 3164 in
845 3127 916 3165 usus.

198 3199 256 3262 Hic,
271 3204 415 3266 postquam
430 3199 527 3252 Iliacas
541 3206 631 3252 vestes
642 3205 793 3266 notumque
806 3197 896 3251 cubile

197 3286 355 3354 Conspexit,
370 3287 481 3353 paulum
494 3286 614 3339 lacrimis
627 3291 654 3338 et
667 3292 759 3340 mente
772 3291 887 3353 morata,

196 3372 373 3440 Incubuitque
381 3379 448 3439 toro,
456 3373 579 3441 dixitque
591 3374 740 3426 novissima
754 3373 851 3426 verba:

199 3461 214 3486 “
224 3458 325 3511 Dulces
338 3459 460 3523 exuviae,
477 3458 541 3510 dum
556 3460 614 3512 fata
626 3459 746 3527 deusque
760 3459 875 3524 sinebat,

198 3544 323 3613 Accipite
336 3544 408 3596 lianc
421 3544 548 3610 animam,
564 3562 660 3613 meque
674 3546 717 3598 his
730 3546 864 3599 exsolvite
877 3547 957 3602 curis.
