2734 3936
494 191 632 241 vanam
655 190 843 240 eucnemon
865 191 885 241 l.

184 353 281 408 Ferret
292 352 380 407 hiems
393 351 566 421 culmumque
579 353 670 406 levem
682 352 851 420 stipulasque
864 351 992 405 volantis.

183 439 270 507 Saepe
282 440 364 493 etiam
378 441 542 492 immensum
556 438 632 492 caelo
645 439 722 492 venit
734 455 832 506 agmen
845 455 985 507 aquarum,

182 527 220 580 Et
232 527 344 580 foedam
357 527 512 595 glomerant
524 531 719 595 tempestatem
731 526 866 579 imbribus
879 525 946 579 atris

184 613 322 667 Collectae
335 631 369 667 ex
382 615 438 667 alto
451 613 554 681 nubes3
575 613 632 666 ruit
645 613 746 667 arduus
760 613 863 680 aether,

182 701 219 753 Et
232 700 325 768 pluvia
336 701 443 769 ingenti
456 700 600 753 catalecta
612 700 750 769 boumque
761 701 870 754 labores

124 785 129 794 “
182 786 285 854 Diluit3
306 787 456 856 implentur
468 787 567 856 fossae,
583 797 611 840 et
624 803 692 840 cava
703 786 953 840 fluminacrescunt

183 875 253 928 (ium
266 875 364 941 sonitu,
379 875 523 943 fervetque
535 875 614 928 fretis
627 874 794 943 spirantibus
806 891 916 942 aequor.

182 961 245 1030 lpse
257 962 341 1015 Pater
353 961 444 1014 media
456 962 615 1014 nimborum
628 962 657 1014 in
670 967 752 1015 nocte
769 978 883 1015 corusca

182 1049 309 1103 Fulmina
320 1048 434 1102 molitur
446 1048 557 1115 dextra3
579 1065 634 1117 quo
647 1049 767 1102 maxima
779 1053 856 1102 motu

182 1137 268 1190 Terra
278 1136 381 1202 tremit,
396 1136 491 1203 fugere
504 1136 586 1204 ferae,
601 1141 629 1188 et
641 1137 769 1189 mortalia
781 1136 865 1190 corda

181 1224 235 1277 Per
248 1224 338 1292 gentis
351 1223 461 1275 humilis
475 1223 573 1276 stravit
584 1239 688 1291 pavor;
709 1223 755 1276 ille
767 1223 894 1291 flagranti

182 1310 242 1363 Aut
255 1309 358 1376 Athon,
374 1314 422 1362 aut
435 1309 599 1378 Rhodopen,
614 1315 662 1363 aut
676 1310 731 1363 alta
746 1309 882 1364 Ceraunia
893 1309 950 1363 telo

181 1396 289 1462 Deicit;
310 1396 480 1462 ingeminant
493 1397 579 1449 austri
592 1404 620 1450 et
632 1396 807 1450 densissimus
819 1397 923 1460 imber;

181 1482 264 1536 Nunc
276 1499 389 1536 nemora
402 1483 508 1550 ingenti
520 1490 613 1551 vento,
628 1500 701 1536 nunc
714 1483 796 1536 litora
807 1483 949 1552 plangunt.

181 1569 242 1622 Hoc
255 1574 387 1636 metuens,
402 1569 470 1622 caeli
484 1586 592 1623 menses
605 1575 633 1623 et
646 1570 735 1623 sidera
747 1587 832 1638 serva,

182 1656 293 1724 Frigida
305 1656 416 1709 Saturni
430 1673 488 1710 sese
501 1674 555 1726 quo
568 1657 647 1710 stella
659 1662 790 1726 receptet,

182 1743 257 1808 Quos
268 1743 339 1808 ignis
351 1743 419 1798 caeli
432 1743 572 1810 Cyllenius
584 1750 658 1798 erret
669 1745 699 1798 in
712 1745 793 1798 orbis.

182 1830 214 1882 ln
227 1830 322 1898 primis
335 1847 466 1884 venerare
479 1830 553 1900 deos,
568 1837 650 1900 atque
663 1849 754 1886 annua
766 1850 880 1902 magnae

182 1917 265 1972 Sacra
278 1920 353 1972 refer
366 1918 460 1974 Cereri
473 1921 553 1975 laetis
566 1929 696 1991 operatus
707 1925 736 1976 in
749 1923 849 1991 herbis,

180 2006 329 2060 Extremae
342 2008 390 2060 sub
403 2025 496 2062 casum
509 2009 614 2079 hiemis,
628 2012 684 2065 iam
698 2028 762 2064 vere
775 2028 878 2065 sereno.

181 2095 249 2149 Tum
263 2096 379 2166 pingues
392 2099 463 2166 agni,
478 2106 506 2153 et
519 2106 579 2153 tum
592 2101 750 2154 mollissima
763 2101 840 2166 vina3

181 2182 250 2235 Tum
262 2186 351 2237 somni
365 2185 458 2239 dulces
470 2186 624 2256 densaeque
636 2188 665 2241 in
679 2189 821 2241 montibus
833 2186 955 2239 umbrae.

181 2269 352 2326 cunctanti
365 2273 493 2326 Cererem
508 2275 594 2344 pubes
607 2275 720 2343 agrestis
733 2274 842 2328 adoret:

181 2357 232 2410 Oui
245 2363 276 2411 tu
289 2358 359 2413 lacte
371 2360 450 2413 favos
463 2366 491 2414 et
504 2361 563 2414 miti
578 2361 651 2414 dilue
664 2360 783 2429 Bacche,

181 2445 287 2514 Terque
299 2463 387 2500 novas
399 2447 501 2501 circum
514 2448 581 2501 felix
594 2454 639 2502 eat
654 2448 745 2501 hostia
757 2449 860 2514 fruges,

181 2531 278 2586 Omnis
291 2550 369 2601 quam
384 2533 484 2587 chorus
497 2539 526 2588 et
539 2535 605 2588 socii
619 2535 786 2588 comitentur
799 2539 921 2598 ovantes,

103 2646 106 2654 ·
180 2619 218 2673 Et
231 2620 359 2673 (tererem
372 2620 493 2674 clamore
507 2626 607 2674 vocent
619 2621 648 2673 in
661 2625 750 2686 tecta3
771 2638 859 2689 neque
872 2627 937 2673 ante

179 2705 290 2760 Falcem
304 2708 418 2761 maturis
431 2708 573 2776 quisquam
587 2712 724 2778 supponat
736 2708 833 2773 aristis,
890 2711 892 2714 ’

180 2792 269 2858 Quam
283 2793 377 2846 Cereri
390 2799 465 2848 torta
477 2794 620 2848 redimitus
632 2801 759 2864 tempora
771 2812 872 2863 quercu

180 2880 234 2933 Det
247 2886 338 2934 motus
350 2881 548 2950 incompositos
561 2887 588 2936 et
601 2883 724 2936 carmina
737 2883 817 2936 dieat.

214 2969 308 3037 Atque
320 2968 388 3022 haec
401 2973 432 3023 ut
445 2970 529 3023 certis
542 2985 684 3038 possemus
696 2969 799 3022 discere
813 2967 904 3036 signis,

179 3055 342 3123 Aestusque,
357 3055 524 3125 pluviasque,
539 3061 567 3111 et
580 3056 684 3124 agentis
696 3057 802 3124 frigora
815 3063 919 3122 ventos,

179 3142 241 3210 lpse
254 3143 336 3196 Pater
349 3143 452 3206 statuit,
468 3143 532 3212 quid
546 3148 688 3196 menstrua
698 3143 775 3196 Luna
788 3149 927 3206 moneret3

179 3228 241 3293 Quo
254 3229 332 3297 signo
345 3229 473 3282 caderent
487 3229 588 3296 austri;
610 3229 675 3298 quid
688 3246 768 3298 saepe
783 3229 907 3282 videntes

179 3315 326 3382 Agricolae
340 3315 452 3384 propius
464 3315 578 3368 stabulis
591 3321 716 3369 armenta
728 3321 863 3368 tenerent.

179 3402 326 3470 Contin110‚
340 3402 430 3454 ventis
443 3403 623 3469 surgentibusr,
639 3408 686 3455 aut
699 3402 769 3456 freta
782 3403 859 3469 ponti

179 3488 319 3556 Incipiunt
329 3489 432 3554 agitata
443 3492 598 3540 tumescere
611 3493 639 3540 et
652 3488 745 3540 aridus
758 3489 820 3541 altis
