2656 3940
419 213 557 263 vultam
580 214 744 262 siruamus
767 214 811 263 XI.

107 375 172 429 Alta
183 376 261 430 sedet
273 376 396 443 summis,
412 380 571 444 spectatque
584 376 711 430 interrita
724 392 839 444 pugnas.

106 461 198 531 thue
210 464 306 531 procul
318 463 411 518 medio
423 461 553 516 iuvenum
567 463 595 516 in
609 462 729 516 elamore
741 463 880 517 furentum

104 550 253 618 Prospexit
265 552 339 604 tristi
353 550 498 604 multatam
512 555 602 604 morte
616 549 769 620 Camillam,

104 637 296 706 Ingemuitque
309 638 440 706 deditque
453 639 502 691 has
514 638 571 692 imo
583 645 695 706 pertore
708 653 803 692 voees:

106 726 123 753 “
133 724 196 777 Heu
209 724 331 792 nimium,
349 725 434 794 virgo,
450 725 565 778 nimium
580 725 691 779 erudele
703 725 779 782 luisti

104 811 284 880 Supplioium‚
299 811 418 866 Teucros
431 818 531 868 conata
543 812 676 866 lacessere
689 811 779 866 bello!

102 897 167 952 Nee
179 898 231 951 tibi
244 898 368 954 desertae
380 899 408 952 in
422 899 512 952 dumis
525 899 641 953 soluisse
656 899 773 954 Dianam

102 985 224 1052 Profuit,
240 991 288 1038 aut
299 991 410 1040 nostras
422 1003 517 1040 umero
530 987 645 1054 gessisse
658 987 779 1055 sagittas.

103 1073 171 1126 Non
184 1078 280 1126 tamen
292 1073 449 1126 indecorem
463 1078 551 1126 tuate
564 1074 661 1141 regina
673 1074 784 1142 reliquit

102 1161 240 1214 Extrema
252 1160 306 1213 iam
318 1161 347 1213 in
359 1167 465 1228 morte;
486 1176 576 1229 neque
588 1160 641 1214 hoo
654 1161 714 1214 sine
724 1162 838 1216 nomine
850 1162 936 1216 letum

102 1249 160 1301 Per
172 1247 264 1316 gentis
276 1248 336 1314 erit,
351 1253 399 1301 aut
411 1248 512 1302 lamam
526 1249 640 1316 patieris
652 1249 764 1304 inultae.

102 1336 180 1390 Nam
194 1335 358 1404 quicumque
370 1339 448 1388 tuum
463 1336 578 1390 violavit
591 1337 704 1392 volnere
717 1354 825 1405 eorpus,

102 1423 198 1476 Morte
211 1421 269 1474 luet
282 1422 408 1476 merita.”
446 1423 511 1478 Fuit
523 1425 620 1492 iugens
633 1431 728 1478 monte
741 1425 792 1478 sub
805 1424 862 1478 alto

103 1509 190 1578 Regis
203 1509 342 1562 Deroeuui
354 1516 467 1564 terreno
480 1528 513 1564 ex
526 1529 624 1578 aggere
637 1513 746 1564 bustum

105 1597 228 1665 Antiqui
239 1595 391 1664 Laurentis,
407 1614 545 1666 opacaque
558 1599 620 1653 iliee
633 1605 752 1654 tautum:

104 1685 159 1738 Hie
173 1684 228 1737 dea
239 1701 268 1736 se
280 1685 399 1752 primum
413 1685 510 1754 rapido
523 1685 708 1754 puleherrima
721 1686 781 1740 uisu

104 1772 187 1826 Sistit
200 1778 229 1824 et
243 1771 394 1825 Arruntem
406 1772 514 1826 tumulo
527 1773 683 1842 speculatur
696 1775 730 1828 ab
744 1773 809 1828 alto.

104 1861 145 1914 Ut
159 1860 230 1913 vidit
242 1860 391 1914 laetantem
405 1861 504 1916 animis
515 1877 548 1916 aa
562 1877 633 1915 vana
645 1866 808 1928 tumentem,

106 1949 124 1977 “
132 1947 191 2002 Gur
199 1947 216 1974 ”
229 1948 321 2017 iuquit
335 1947 485 2001 “diversus
497 1948 575 2002 abiel
593 1947 648 2000 huo
660 1947 754 2016 derige
766 1964 898 2016 gressum,

105 2035 169 2089 Huo
182 2035 307 2104 periture
319 2035 390 2103 veui,
405 2035 497 2102 sapias
511 2041 541 2088 ut
554 2035 637 2103 digna
650 2034 782 2090 Camillae

104 2122 243 2177 Praemia.
282 2122 358 2175 Tune
371 2121 453 2176 etiam
467 2122 529 2176 telis
542 2123 660 2176 moriere
674 2122 796 2176 Dianae?
806 2122 821 2148 ’¹

104 2212 195 2279 Dixit,
211 2218 239 2266 et
252 2219 348 2266 aurata
360 2212 500 2268 volucrem
514 2210 642 2264 Threissa
653 2210 782 2277 sagittam

104 2299 288 2369 Deprompsit
301 2300 438 2368 pharetra,
452 2313 592 2366 cornuque
604 2296 714 2350 infensa
726 2296 852 2362 tetendit,

104 2387 142 2441 Et
156 2388 240 2440 duxit
251 2387 340 2456 longe,
355 2387 443 2442 donee
456 2393 572 2440 curvata
585 2385 693 2438 coirent

104 2475 187 2528 Inter
200 2491 229 2527 se
242 2475 341 2543 eapite,
355 2481 383 2528 et
398 2473 524 2528 manibus
536 2473 591 2526 iam
603 2477 731 2539 tangeret
743 2472 844 2539 aequis,

104 2562 203 2616 Laeva
215 2561 300 2615 aoiem
313 2563 387 2630 ferri,
402 2563 501 2616 dextra
514 2576 655 2628 nervoque
667 2559 807 2627 papillam.

104 2649 258 2717 Extemplo
270 2649 317 2702 teli
331 2648 477 2704 stridorem
490 2664 624 2717 aurasque
637 2647 760 2700 sonantis

106 2737 210 2790 Audiit
224 2753 277 2789 una
289 2736 404 2802 Arruns,
419 2737 562 2805 haesitque
576 2737 605 2790 in
619 2751 735 2803 corpore
747 2734 861 2787 ferrum.

105 2825 191 2878 Illum
206 2825 391 2892 exspirantem
403 2825 471 2879 soeii
485 2835 566 2894 atque
581 2830 706 2878 extrema
718 2829 873 2890 gementem

106 2912 198 2966 Obliti
211 2911 307 2980 ignoto
319 2929 478 2980 camporum
490 2912 519 2966 iu
533 2911 646 2980 pulvere
661 2911 804 2979 linquunt3

107 2999 178 3068 Opis
190 2998 225 3052 ad
239 2998 390 3052 aetherium
403 3000 501 3068 pennis
514 2999 637 3053 aufertur
652 2998 812 3066 Olympum.

142 3086 237 3140 Prima
249 3086 328 3154 fugit,
344 3085 456 3140 domina
466 3087 572 3154 amissa,
587 3086 656 3139 levis
669 3086 713 3140 ala
725 3083 857 3138 Camillae
868 3102 874 3150 3

107 3173 224 3227 Turbati
238 3173 346 3242 fugiunt
359 3172 463 3241 Rutuli,
478 3174 550 3241 sugit
562 3190 625 3226 acer
639 3173 746 3239 Atinas,

107 3260 279 3329 Disiectique
292 3253 376 3312 dures
389 3259 559 3328 desolatique
572 3259 687 3327 manipli

108 3347 179 3402 Tuta
193 3353 299 3416 petunt,
315 3347 433 3414 etoquia
446 3346 534 3400 aversi
548 3347 580 3400 ad
594 3345 704 3400 moenia
717 3343 847 3398 tendunt.

107 3435 135 3488 N
136 3452 167 3488 eo
180 3435 326 3503 quisquam
340 3433 468 3486 instantis
482 3433 602 3488 Teucros
615 3432 756 3500 letumque
768 3429 887 3487 ferentis

108 3522 268 3576 Sustentare
283 3520 360 3574 valet
373 3521 443 3587 telis,
459 3526 507 3573 aut
519 3521 615 3572 sistere
629 3523 743 3583 eontra3
