2706 3938
447 230 582 282 vanem
606 233 770 284 AllNlllDOS
793 233 839 284 IV.
892 257 894 262 ·

136 388 236 444 Dextra
247 390 347 444 ieras.”
384 389 470 460 Dixit,
484 392 637 462 vaginaque
650 393 733 462 eripit
745 411 838 450 ensem

135 476 313 547 Fulmineum,
327 478 479 548 strictoque
491 480 559 534 ierit
571 481 724 534 retinacula
735 482 818 536 ferro.

133 563 207 618 Idem
220 565 309 618 omnis
321 565 402 618 simul
415 566 498 620 ardor
509 567 602 636 habet,
617 569 784 638 rapiuntque
796 575 948 639 ruuntque;

132 651 224 706 Litora
236 653 397 721 deseruere3
417 653 485 708 latet
498 655 549 708 sub
561 655 693 709 classibus
706 673 828 725 aequor;

89 802 107 821 Ὗ
132 738 233 792 Adnisi
245 744 377 809 torquent
390 747 541 809 spumaret
554 743 665 797 caerula
677 749 802 800 verrunt.

104 838 107 855 ¹
163 826 268 880 Etiam
280 827 372 896 prima
382 843 457 882 novo
468 830 616 898 spargebat
627 830 733 884 lumine
745 842 833 886 terras

131 913 240 968 Tithoni
254 931 383 969 croceum
395 915 523 985 linquens
534 917 646 971 Aurora
660 919 758 974 cubile.

130 1001 234 1070 Regina
246 1020 263 1056 e
277 1002 393 1071 speculis
405 1008 437 1057 ut
449 1004 568 1072 primum
582 1005 721 1060 albescere
733 1008 821 1064 lucem

130 1088 206 1142 Vidit
218 1099 247 1143 et
262 1089 385 1158 aequatis
395 1089 508 1144 classem
522 1092 673 1160 procedere
686 1095 761 1164 velis,

129 1176 275 1246 Litoraque
287 1181 318 1230 et
329 1193 431 1230 vacuos
443 1178 528 1232 sensit
541 1179 600 1234 sine
613 1182 717 1250 remige
730 1189 836 1251 portus,

128 1264 230 1333 Terque
244 1269 398 1333 quaterque
410 1277 496 1320 manu
506 1271 602 1334 pectus
613 1285 743 1336 percussa
754 1269 884 1324 decorum

128 1351 323 1420 Florentisque
335 1351 455 1408 abscissa
467 1372 561 1410 comas
575 1357 655 1411 “Pro
670 1357 808 1426 Iuppiter!
830 1359 883 1412 ibit

129 1439 201 1494 llic''
214 1441 254 1494 ait
270 1442 288 1469 “
297 1446 327 1494 ct
337 1443 442 1496 nostris
452 1444 580 1498 inluserit
593 1446 700 1500 advena
712 1447 821 1514 regnis?

129 1527 189 1582 Non
201 1544 280 1582 arma
294 1528 452 1599 expedient,
466 1536 581 1602 totaque
594 1549 628 1587 ex
642 1534 710 1587 urbe
722 1539 879 1604 sequentur,

127 1614 325 1687 Deripientque
337 1624 412 1672 rates
424 1619 470 1673 alii
483 1620 647 1675 navalibusi
685 1621 735 1689 Ite,

127 1701 204 1759 Ferte
215 1705 264 1759 citi
277 1704 413 1775 flammas,
428 1707 492 1762 date
504 1708 567 1776 tela,
582 1708 716 1777 impellite
728 1725 819 1762 remos
827 1710 872 1763 l·-

127 1789 196 1855 Quid
207 1792 329 1862 loquori
350 1799 398 1849 aut
410 1795 457 1848 ubi
471 1796 549 1850 sumi
588 1795 664 1860 Quae
677 1803 800 1850 mentem
812 1798 922 1852 insania
936 1798 1045 1852 mutati

126 1877 221 1934 Infelix
233 1881 312 1934 Dido
322 1882 328 1934 l
349 1898 423 1936 nunc
437 1887 464 1936 te
475 1883 553 1938 iacta
565 1883 650 1952 impia
662 1885 797 1952 tangunti

126 1966 189 2022 Tum
202 1970 308 2040 decuit,
323 1988 387 2025 cum
400 1976 508 2040 sceptra
520 1970 694 2025 dabas-En
707 1971 807 2026 dextra
818 1972 948 2041 fidesque,

127 2056 209 2122 Quem
221 2075 318 2114 secum
331 2060 436 2128 patrios
449 2059 528 2114 aiunt
539 2064 652 2127 portare
664 2059 784 2128 Penatis,

127 2143 208 2209 Quem
221 2148 341 2201 subiisse
354 2147 457 2200 umeris
469 2147 629 2200 coniectum
642 2152 733 2201 aetate
745 2153 888 2215 parentem
898 2148 943 2200 l·-

126 2229 184 2286 Non
196 2237 276 2304 potui
289 2235 439 2304 abreptum
452 2233 583 2289 divellere
597 2251 697 2303 corpus
709 2244 737 2288 et
750 2234 832 2288 undis

126 2317 273 2390 spargeret
293 2339 354 2376 non
366 2323 462 2390 socios,
476 2338 533 2375 non
546 2322 637 2390 ipsum
650 2323 793 2376 absumere
804 2322 882 2374 ierro

127 2407 278 2478 Ascanium,
293 2412 448 2481 patriisque
462 2409 628 2479 epulandum
642 2426 745 2478 ponere
756 2410 912 2464 mensisi—

127 2493 226 2552 Verum
239 2516 345 2569 anceps
358 2515 464 2567 pugnae
476 2497 570 2552 iuerat
583 2497 867 2562 fortuna—Fuisset3

126 2580 208 2645 Quem
221 2587 311 2641 metui
323 2585 480 2640 moritura?
517 2586 603 2640 Faces
616 2585 645 2638 in
658 2590 750 2639 cestra
762 2584 894 2651 tulissem,

126 2667 337 2743 implessemque
350 2674 425 2727 foros
437 2672 562 2741 flammis,
579 2679 730 2741 natumque
742 2677 904 2740 patremque

126 2755 189 2811 (lum
201 2777 304 2828 genere
318 2760 483 2826 exstinxem,
498 2766 601 2816 memet
614 2777 696 2828 super
709 2760 769 2828 ipsa
783 2758 967 2814 dedissem.-

125 2843 174 2913 Sol,
188 2849 234 2917 qui
247 2854 389 2902 terrarum
402 2846 519 2902 flammis
532 2864 616 2916 opera
629 2847 723 2901 omnia
734 2847 842 2913 lustras,

125 2929 212 3001 Tuque
222 2935 325 2990 harum
339 2935 478 3003 interpres
490 2951 618 2988 curarum
632 2940 661 2987 et
673 2935 784 2988 conscia
793 2932 872 3001 luno,

125 3015 324 3091 Nocturnieque
339 3021 444 3075 Hecate
457 3022 547 3076 triviis
560 3021 666 3076 ululata
679 3038 728 3088 per
741 3022 831 3088 urbes,

124 3103 157 3158 Et
167 3107 249 3163 Dirae
261 3109 387 3172 ultrices,
401 3115 431 3163 et
442 3109 470 3162 di
483 3109 627 3162 morientis
639 3107 752 3174 Elissae,

125 3194 243 3264 Accipite
255 3198 335 3262 baec,
350 3197 536 3264 meritumque
548 3195 628 3250 malis
640 3195 777 3249 advertite
789 3211 901 3262 numen,

124 3277 156 3332 Et
168 3291 274 3338 nostras
287 3283 384 3338 audite
396 3299 501 3352 preces.
538 3282 567 3336 Si
581 3288 693 3350 tangere
705 3288 804 3350 portus

124 3362 263 3423 inondum
276 3375 363 3438 caput
375 3387 408 3424 ac
421 3371 504 3423 terris
516 3369 618 3424 adnare
631 3385 742 3423 necesse
755 3375 804 3435 est,

124 3450 157 3506 Et
169 3456 205 3510 sic
217 3459 276 3511 iata
288 3457 367 3510 Iovis
379 3462 507 3526 poscunt,
520 3456 566 3510 hic
578 3457 714 3510 terminus
727 3455 839 3510 haeret:

125 3538 161 3592 At
172 3542 242 3597 bello
255 3544 370 3598 audacis
381 3542 478 3612 populi
491 3548 608 3597 vexatus
621 3548 649 3596 et
662 3543 753 3609 armis,
