2734 3936
524 212 661 264 vaucmt
687 215 812 264 actosa
835 215 892 264 Vn.

200 378 293 431 Ambo
306 377 436 431 florentes
449 378 593 445 aetatibus,
609 377 732 431 Arcades
745 378 834 444 umbo,

200 465 237 518 Et
250 470 361 518 cantare
374 481 462 533 pares,
477 470 506 518 et
518 465 684 534 respondere
698 464 797 534 parati.

201 552 263 607 Huc
275 552 351 620 mihi,
367 553 431 605 dum
445 557 555 606 teneras
567 553 687 607 defendo
700 570 717 606 a
729 553 832 622 frigore
845 557 959 621 myrtos,

202 637 255 694 Vir
267 641 357 709 gregis
370 641 428 707 ipse
442 657 525 708 caper
536 640 728 708 deerraverat3
749 646 831 709 atque
844 657 895 709 ego
907 639 1049 708 Daphnim

202 728 325 796 Aspieio.
362 727 413 780 Ille
425 727 473 780 ubi
486 744 530 780 me
543 733 641 781 contra
654 728 737 796 videt,
755 729 771 756 “
780 727 864 781 Ocius
873 727 890 755 ”
903 727 994 795 iuquit

204 815 290 870 “Huc
303 816 376 883 ades,
392 832 408 868 o
421 814 569 868 Meliboee!
591 831 674 883 caper
686 815 738 868 tibi
751 814 843 868 salvus
855 819 884 868 et
896 813 993 880 haedi3

201 902 244 970 Et,
260 903 283 955 si
296 903 362 971 quid
374 918 480 956 cessare
493 907 580 970 potes,
595 903 736 971 requiesce
749 903 799 955 sub
812 902 918 956 umbra.

203 989 265 1044 Huc
276 991 329 1059 ipsi
341 995 439 1058 potum
452 990 563 1044 venient
575 1006 626 1057 per
639 993 719 1058 prata
730 990 857 1054 iuvenci3

202 1077 255 1131 Hic
269 1077 364 1130 viridis
376 1084 472 1132 tenera
483 1077 621 1146 praetexit
635 1077 789 1130 harundine
802 1077 876 1145 ripas

202 1165 327 1233 Mincius,
343 1182 411 1234 eque
424 1182 502 1219 sacra
513 1170 645 1218 resonant
658 1165 785 1218 examina
798 1163 929 1232 quercu.’'

204 1253 276 1318 Quid
287 1253 425 1306 facerem?
439 1239 533 1321 'neque
546 1270 597 1322 ego
610 1252 758 1321 Alcippen,
772 1269 862 1320 neque
875 1251 1004 1318 Phyllide
1016 1250 1160 1317 habebam,

203 1340 338 1407 Depulsos
351 1356 367 1393 a
378 1339 450 1393 lacte
463 1339 538 1393 domi
551 1357 620 1408 quae
633 1339 774 1394 clauderet
787 1356 887 1407 agnos3
1190 1340 1223 1390 15

204 1426 240 1478 Et
253 1431 392 1480 certamen
405 1431 472 1494 crat,
488 1425 619 1492 Oorydon
633 1443 696 1479 cnm
709 1425 851 1492 Thyrside,
866 1441 1006 1494 maguum.

204 1512 357 1566 Posthabui
368 1517 461 1566 tamen
474 1512 585 1565 illorum
597 1513 741 1566 mensoria
753 1512 827 1566 ludo.

205 1598 329 1653 Alternis
341 1600 426 1668 igitur
438 1600 607 1654 contendere
621 1600 745 1654 versibus
757 1601 839 1653 ambo

206 1687 343 1756 Ooepere3
365 1687 487 1741 alternos
500 1687 594 1741 Musae
605 1687 763 1740 meminisse
775 1686 915 1742 volebant.

206 1775 264 1827 Hos
278 1773 415 1840 Corydon,
429 1773 492 1827 illos
504 1773 645 1828 referebat
658 1774 686 1826 in
700 1774 797 1828 ordine
809 1774 930 1839 Thyrsis.
1189 1775 1224 1826 20

241 1861 310 1916 Gon.
331 1860 484 1929 Nymphae,
499 1867 594 1914 noster
607 1877 692 1928 amor,
708 1861 890 1927 Libethrides,
904 1866 952 1915 aut
965 1860 1034 1913 inihi
1046 1875 1165 1927 carmen,

207 1948 292 2015 Quale
305 1965 367 2002 meo
382 1948 481 2016 Oodro,
497 1948 805 2016 concedite-proxima
816 1948 923 2002 Phoebi

206 2037 342 2090 Versibus
354 2036 400 2089 ille
412 2037 570 2103 facit—aut,
586 2037 608 2089 si
622 2053 679 2090 non
693 2053 838 2104 possumus
851 2052 953 2104 omnes,

207 2124 259 2177 Hic
272 2128 370 2191 arguta
381 2140 459 2177 sacra
470 2123 603 2192 pendebit
614 2123 706 2176 fistula
719 2123 794 2190 pinu.

242 2210 312 2264 Tur.
332 2211 469 2278 Pastores,
483 2210 586 2264 hedera
599 2215 769 2264 crescentem
782 2215 881 2264 ornate
892 2217 1012 2278 poetam,
1190 2209 1225 2261 at

208 2299 337 2366 Arcades,
352 2298 458 2351 invidia
468 2304 634 2366 rumpantur
646 2303 678 2350 ut
690 2298 737 2351 ilia
750 2297 858 2364 Oodr03

210 2386 274 2450 Aut,
289 2386 311 2439 si
324 2386 397 2438 ultra
409 2384 541 2454 placitum
554 2385 682 2452 laudarit,
697 2385 813 2439 baccare
825 2385 947 2438 frontem

208 2472 325 2540 Gingite,
339 2489 375 2526 ue
388 2473 446 2526 vati
458 2477 557 2526 noceat
568 2472 642 2526 mala
653 2472 748 2541 lingua
760 2472 863 2525 futuro.

244 2559 312 2612 Gon.
332 2558 439 2612 Saetosi
452 2565 535 2627 caput
549 2559 602 2612 hoc
615 2559 675 2626 apri
687 2559 747 2620 tibi,
761 2557 849 2623 Delia,
865 2575 965 2626 parvus

207 2645 244 2699 Et
255 2663 364 2700 ramosa
378 2646 467 2700 Micon
482 2646 583 2700 vivacis
596 2662 701 2700 cornua
713 2645 796 2698 cervi.

208 2732 237 2785 Si
250 2733 393 2801 proprium
405 2732 459 2786 hoc
473 2733 563 2800 fuerit,
578 2732 633 2786 levi
646 2732 681 2786 de
694 2749 830 2786 marmore
843 2737 904 2786 tota

208 2821 329 2874 Puniceo
342 2819 427 2873 stabis
439 2836 517 2872 suras
530 2819 639 2873 evincta
652 2821 797 2874 cothurno.

244 2907 313 2960 Tur.
334 2906 429 2960 Sinum
442 2907 522 2960 lactis
535 2912 563 2960 et
576 2908 645 2962 haec
657 2914 686 2962 te
698 2908 762 2975 liba,
777 2907 884 2976 Priape,
899 2907 1046 2976 quotannis

208 2996 375 3063 Exspectare
387 2999 429 3047 sat
443 3001 498 3048 est:
519 3000 612 3049 eustos
625 3011 654 3049 es
666 2995 795 3063 pauperis
806 2995 890 3049 horti.

209 3081 290 3135 Nunc
303 3087 331 3134 te
344 3097 527 3134 marmoreum
541 3098 592 3150 pro
605 3087 731 3150 tempore
743 3081 873 3149 fecimus3
894 3087 923 3136 at
934 3086 974 3149 tu,

209 3169 236 3221 Si
250 3169 340 3222 fetura
352 3185 461 3236 gregem
477 3167 653 3238 suppleverit,
668 3185 765 3221 aureus
778 3173 846 3221 esto.

245 3255 312 3310 Gon.
332 3254 436 3309 Nerine
450 3255 572 3322 Galatea,
587 3255 685 3322 thymo
698 3255 767 3308 mihi
780 3255 886 3308 dulcior
899 3255 1016 3325 Hyblae,

210 3343 359 3396 Candidior
372 3343 475 3410 cycnis,
490 3343 593 3396 hedera
605 3342 754 3395 formosior
767 3341 838 3410 alba,

210 3430 280 3483 'Onm
292 3430 412 3498 primum
425 3431 497 3497 pasti
510 3434 636 3496 repetent
648 3428 808 3496 praesaepia
819 3429 900 3498 tauri,

210 3517 239 3571 Si
253 3534 305 3586 qua
317 3517 358 3570 tui
372 3515 528 3583 Corydonis
540 3515 625 3570 habet
637 3521 665 3570 tc
678 3533 750 3584 cura,
766 3515 869 3570 venite.
