2668 3942
515 209 653 261 VERGILI
675 207 840 258 snunluos
862 207 920 258 XII.

210 377 342 445 Ereptum
355 373 434 429 reddi
447 373 548 435 Turno,
563 377 592 426 et
604 373 659 426 viro
672 387 795 424 crescere
808 369 907 423 victisl

210 464 311 518 Desine
323 463 378 516 iem
390 461 511 530 tandem,
526 459 706 528 precibusque
718 456 860 510 inflectere
872 456 989 525 nostris3

209 553 270 608 Neo
281 556 311 605 te
322 555 418 604 tantus
430 547 494 601 edet
506 547 619 601 tacitam
633 545 720 613 dolor,
736 549 764 598 et
776 544 845 598 mihi
857 560 938 598 curae

210 641 297 709 Saepe
310 643 358 692 tuo
371 635 444 689 dulci
457 635 552 688 tristes
564 650 598 686 ex
612 648 660 686 ore
671 637 821 686 recursent.

209 729 333 782 Ventum
347 725 381 780 ud
394 739 552 792 supremum
565 725 614 774 est.
652 719 741 773 Terris
753 719 858 787 agitare
870 717 914 771 vel
927 718 1006 772 undis

210 816 342 869 Troianos
354 810 477 881 potuisti,
493 807 639 862 infandum
655 805 805 860 accendere
818 805 929 872 bellum,

209 904 374 957 Deformere
387 899 509 960 domum,
524 900 552 948 et
564 895 640 948 luctu
653 894 769 948 miscere
781 893 962 960 hymenaeos:

212 991 331 1046 Ulterius
344 993 480 1057 temptare
492 986 584 1040 veto.'’
623 982 669 1037 Sic
682 982 807 1051 luppiter
821 998 914 1049 orsus3

210 1079 255 1134 Sic
267 1079 319 1132 dee
331 1076 465 1130 submisso
478 1079 576 1129 contre
588 1070 718 1126 Saturnia
732 1069 822 1124 voltu:

212 1169 228 1197 “
236 1167 294 1220 Ista
306 1166 416 1236 quidem
429 1163 494 1232 quie
505 1167 573 1215 nota
586 1159 654 1213 mihi
666 1162 723 1225 tue,
738 1173 845 1226 magne,
860 1155 997 1224 voluntas,

209 1255 342 1323 Iuppiter,
357 1258 386 1307 et
398 1251 520 1304 Turnum
534 1255 562 1303 et
575 1257 664 1302 terras
677 1247 767 1300 invite
778 1245 895 1314 reliqui3

209 1341 269 1394 Nec
282 1345 312 1393 tn
324 1355 369 1393 me
381 1339 456 1392 aeria
467 1337 553 1391 solam
565 1352 641 1390 nnnc
653 1335 718 1389 sede
731 1334 839 1388 videres

209 1428 300 1496 Digna
311 1427 425 1495 indigna
436 1425 502 1494 pati,
517 1424 564 1478 sed
577 1423 694 1477 fiammis
708 1423 800 1476 cincta
812 1422 862 1475 sub
875 1421 962 1490 ipsam

209 1515 318 1570 Sterem
332 1515 418 1568 eciem
431 1512 624 1581 traheremque
636 1509 746 1564 inimica
757 1510 786 1562 in
800 1508 905 1578 proelis
916 1507 1045 1562 Teucros

210 1605 353 1656 Iuturnam
367 1601 474 1668 misero,
489 1601 587 1667 fateor,
602 1615 762 1653 succurrere
774 1599 857 1652 fratri

210 1691 297 1758 bussi,
312 1694 341 1743 et
352 1706 403 1758 pro
415 1688 473 1742 vita
482 1688 589 1742 maiora
601 1687 702 1741 audere
715 1688 845 1757 probevi3

210 1776 275 1831 Non
288 1782 319 1829 ut
331 1776 387 1830 tela
398 1781 500 1842 tamen,
514 1791 571 1829 non
584 1779 617 1828 ut
629 1774 809 1829 contenderet
822 1791 933 1842 ercum3

210 1864 317 1930 Adiuro
331 1862 419 1931 Stygii
431 1867 514 1931 caput
526 1861 699 1931 implacabile
713 1863 808 1930 fontis,

210 1951 273 2005 Una
285 1951 445 2018 superstitio
457 1951 563 2019 superis
576 1967 645 2020 quae
657 1951 766 2004 reddita
778 1951 858 2004 divis.

210 2038 247 2091 Et
258 2054 331 2091 nunc
344 2037 412 2091 cedo
425 2037 559 2106 equidem,
574 2054 734 2106 pugnasque
748 2055 832 2092 exose
845 2037 980 2107 relinquo.

209 2125 282 2179 Illud
296 2131 331 2192 te,
345 2125 421 2179 nulla
432 2125 482 2178 feti
496 2125 567 2194 quod
581 2125 641 2193 lege
655 2129 774 2193 tenetur,

210 2214 267 2268 Pro
279 2213 358 2268 Latio
371 2213 504 2280 obtestor,
518 2229 569 2281 pro
582 2213 725 2268 maiestate
734 2218 861 2268 tuorum:

212 2301 281 2355 (lum
293 2302 346 2354 iam
360 2300 485 2354 conubiis
497 2316 593 2368 pacem
605 2300 761 2354 felicibus-
767 2307 862 2355 esto—

212 2389 393 2458 Oomponent,
407 2404 471 2441 cum
482 2387 537 2441 iarn
550 2387 624 2455 leges
636 2393 665 2441 et
677 2389 790 2442 foedere
802 2389 925 2456 iungent,

212 2476 256 2530 Ne
268 2481 348 2530 vetus
360 2475 503 2544 indigenas
515 2491 617 2529 nornen
631 2484 738 2530 mutare
751 2476 872 2545 Latinos,

212 2563 275 2617 Neu
287 2563 372 2616 Troas
382 2561 444 2616 fieri
456 2563 551 2616 iubeas
564 2562 738 2633 Teucrosque
751 2564 853 2632 vocari,

212 2651 271 2704 Aut
284 2667 381 2704 vocem
393 2654 501 2704 mutere
513 2651 595 2718 viros,
612 2657 660 2705 eut
672 2656 781 2706 vertere
795 2657 908 2706 vestem.

213 2739 255 2793 Sit
267 2740 385 2806 Latium,
399 2740 455 2792 sint
467 2738 571 2792 Albani
585 2757 634 2808 per
648 2740 756 2794 saecula
769 2757 853 2808 reges,

213 2829 254 2882 Sit
266 2827 391 2882 Romane
403 2833 503 2896 potens
515 2827 587 2881 Itnla
599 2829 703 2882 virtute
715 2843 853 2898 propeg03

213 2915 329 2984 Occidit,
344 2915 529 2984 occideritque
543 2916 616 2970 sinas
629 2933 692 2969 oum
704 2917 818 2970 nomine
830 2914 940 2970 Troia‘’

214 3003 269 3057 Olli
282 3003 426 3056 subridens
436 3003 579 3056 bominum
595 3020 741 3073 rerumque
753 3007 892 3072 repertor:

215 3091 276 3144 “Es
289 3108 418 3160 germane
431 3089 507 3145 Iovis
522 3090 687 3160 Saturnique
700 3091 787 3145 altera
798 3090 906 3160 proles:

213 3177 320 3231 Irarum
333 3183 427 3232 tentos
439 3179 528 3232 volvis
541 3178 591 3232 sub
603 3186 716 3247 pectore
729 3177 845 3232 fluctusl

214 3263 320 3316 Verum
333 3281 382 3332 ege
395 3272 423 3319 et
435 3266 576 3334 inceptum
589 3266 695 3319 frustra
707 3265 838 3318 submitte
850 3263 990 3317 furorem:

213 3349 266 3416 Do,
282 3353 353 3418 qnod
369 3354 416 3420 vis,
432 3358 516 3407 etms
529 3354 673 3421 victusque
685 3352 835 3421 volensque
847 3351 969 3404 remitto.

215 3436 374 3491 Sermonem
389 3439 507 3492 Ausonii
520 3439 640 3507 patrium
652 3455 797 3507 moresque
810 3437 953 3502 tenebunt,

215 3522 307 3590 thue
319 3529 369 3590 est,
383 3539 484 3576 nomen
498 3525 565 3592 erit3
585 3525 726 3579 commixti
739 3541 855 3594 corpore
867 3528 976 3578 tantum
