2734 3936
407 206 546 256 VERGILI
570 204 758 254 GEORGIOON
779 203 825 253 111.

99 374 198 428 (latera
209 389 263 426 nec
275 372 388 426 feturae
400 368 508 438 habilis,
522 384 573 422 neo
585 368 667 421 fortis
680 368 786 421 aratris,

98 459 216 528 Interea,
231 463 346 528 superat
358 457 486 526 gregibus
498 456 565 509 dum
578 455 652 510 laeta
664 455 798 521 iuventas,

98 547 180 601 Solve
193 563 301 612 mares;
322 546 403 598 mitte
416 545 445 597 in
457 543 598 597 Venerem
611 543 740 611 pecuaria
752 541 864 611 primns,

98 634 193 703 Atque
206 633 288 688 aliam
302 649 338 686 ex
351 633 405 686 alia
416 630 575 699 generando
588 629 681 684 suffiae
695 629 810 697 prolem.

99 721 214 790 Optima
227 735 351 789 quaeque
363 719 421 772 dies
433 718 539 772 miseris
552 716 715 771 mortalibus
728 717 788 770 aevi

98 809 194 862 Prima
207 808 295 876 fugit3
316 808 435 860 subeunt
448 805 538 859 morbi
550 805 692 872 tristisque
705 808 838 872 senectus,

98 897 136 948 Et
147 895 229 949 labor
241 903 269 948 et
282 895 368 948 durae
380 893 455 962 rapit
466 892 645 946 inclementia
657 891 762 945 mortis.

99 983 216 1051 Semper
228 987 319 1048 erunt,
334 998 449 1050 quarum
461 979 564 1033 mutari
577 995 693 1047 corpora
704 977 797 1032 molis:

98 1071 215 1139 Semper
228 1070 302 1123 enim
314 1069 405 1136 refice,
420 1085 459 1134 ac,
473 1085 509 1121 ne
522 1074 585 1136 post
598 1066 696 1120 amissa
709 1066 839 1134 requiras,

98 1156 251 1224 Anteveni,
266 1161 294 1209 et
307 1155 430 1209 subolem
442 1159 568 1209 armento
582 1154 681 1208 sortire
694 1154 850 1221 quotannis.

134 1243 196 1297 Nec
207 1259 266 1296 non
279 1248 308 1296 et
319 1243 413 1312 pecori
426 1247 469 1296 est
480 1241 552 1294 idem
567 1240 689 1295 delectus
702 1240 809 1308 equino.

98 1331 140 1384 Tu
153 1331 245 1399 modo,
261 1347 329 1402 quos
341 1331 371 1383 in
384 1346 459 1398 spem
473 1334 577 1382 statues
590 1327 753 1380 submittere
764 1327 864 1396 gentis,

98 1418 286 1487 Praecipuum
298 1418 354 1471 iarn
366 1417 431 1470 inde
444 1434 460 1471 a
471 1415 575 1470 teneris
588 1414 717 1483 impende
730 1415 863 1469 laborem.

99 1505 242 1559 Oontinuo
256 1505 364 1572 pecoris
376 1504 500 1571 generosi
515 1503 605 1571 pullus
616 1503 647 1554 in
662 1502 736 1555 arvis

98 1592 195 1645 Altius
207 1592 369 1660 ingreditur,
385 1596 413 1644 et
425 1590 521 1645 mollia
533 1606 614 1644 crura
626 1589 751 1657 reponit;

98 1681 210 1733 Primus
223 1685 252 1732 et
263 1680 305 1732 ire
317 1680 391 1732 viam
403 1683 432 1732 et
443 1679 543 1731 fluvios
556 1682 692 1745 temptare
705 1677 820 1730 minacis

98 1767 197 1820 Audet
209 1771 239 1819 et
249 1766 347 1834 ignoto
360 1781 419 1819 sese
431 1765 605 1819 committere
617 1763 704 1832 ponti,

98 1853 160 1908 Neo
172 1870 261 1906 vanos
274 1853 370 1906 horret
382 1853 521 1920 strepitus.
560 1851 604 1904 llli
617 1851 703 1905 ardua
716 1851 817 1919 oerxn'x,

99 1941 297 2009 Argutumque
310 1945 399 2008 caput,
414 1940 507 1992 brevis
519 1939 604 2007 alvus,
620 1939 758 2007 obesaque
772 1944 860 2007 terga,

99 2028 292 2095 Luxuriatque
304 2027 373 2080 toris
386 2027 540 2080 animosum
554 2031 658 2094 pectus.
696 2025 814 2080 Honesti

99 2115 235 2184 Spadices
247 2114 398 2182 glaucique,
413 2113 490 2168 color
503 2113 665 2168 deterrimus
678 2113 748 2166 albis

99 2202 136 2255 Et
148 2202 235 2270 gilvo.
272 2201 349 2269 Tum,
365 2201 386 2254 si
400 2218 455 2269 qua
467 2218 565 2254 sonum
577 2201 673 2270 procul
687 2217 763 2254 arma
774 2200 883 2270 dedere,

100 2290 183 2343 Stare
194 2289 258 2342 loco
269 2288 364 2355 nescit,
380 2288 464 2342 micat
476 2289 587 2342 auribus
599 2293 627 2342 et
640 2289 736 2342 tremit
749 2293 833 2355 artus,

102 2376 312 2444 Oollectumque
323 2375 445 2429 tremens
458 2375 545 2428 volvit
557 2376 608 2429 sub
620 2377 733 2428 naribus
744 2376 845 2443 iguem.

101 2464 196 2517 Densa
208 2463 281 2531 iuba,
297 2467 324 2516 et
336 2463 435 2525 dextro
447 2463 550 2517 iactata
562 2463 698 2518 recumbit
711 2463 739 2514 in
752 2479 844 2529 arm03

102 2551 141 2604 At
154 2549 258 2619 duplex
271 2551 362 2619 agitur
373 2567 424 2618 per
436 2551 543 2604 lumbos
556 2551 649 2618 spina3
672 2556 805 2618 cavatque

101 2639 241 2692 Tellurem
254 2642 283 2691 et
295 2637 382 2691 solido
395 2638 516 2706 graviter
528 2644 608 2692 sonat
621 2639 724 2706 ungula
737 2655 831 2692 cornu.

102 2725 176 2779 Talis
189 2725 333 2792 Amyclaei
346 2725 467 2778 domitus
478 2725 600 2779 Pollucis
613 2725 728 2780 habenis

103 2813 239 2880 Cyllarus,
254 2818 289 2879 et,
304 2829 418 2880 quorum
432 2811 499 2866 Grai
512 2813 662 2866 meminere
674 2821 781 2881 poetae,

102 2899 201 2953 Martis
214 2899 277 2968 equi
289 2899 403 2967 biiuges,
418 2905 447 2953 et
459 2900 550 2968 magni
565 2916 661 2953 currus
674 2899 787 2953 Achilli.

103 2987 176 3042 Talis
188 2993 218 3041 et
230 2988 289 3055 ipse
301 2987 393 3040 iubam
408 2987 515 3040 cervice
528 2986 628 3040 effudit
641 2988 740 3056 equina

103 3075 235 3142 Coniugis
247 3075 367 3128 adventu
383 3075 481 3142 pernix
496 3074 636 3137 Saturnus
652 3080 680 3128 et
693 3076 780 3129 altum

103 3163 199 3217 Pelion
213 3163 324 3215 hinnitu
336 3162 449 3230 fugiens
461 3161 586 3229 implevit
599 3168 690 3216 acuto.

140 3251 220 3304 Hunc
233 3265 350 3318 quoque,
365 3248 414 3301 nbi
426 3253 475 3301 aut
487 3248 584 3302 morbo
597 3250 688 3316 gravis
701 3254 748 3302 aut
760 3249 815 3303 iem
830 3249 940 3317 segnior
953 3250 1031 3304 annis
1090 3251 1121 3303 95

103 3338 209 3400 Deficit,
224 3337 296 3391 abde
308 3336 401 3402 domo,
415 3351 467 3387 neo
480 3335 555 3403 turpi
567 3337 677 3404 ignosco
691 3342 831 3391 senectae:

103 3427 227 3494 Frigidus
239 3426 269 3478 in
282 3424 425 3478 Venerem
438 3423 536 3490 senior,
550 3424 708 3492 frustraque
720 3423 841 3478 laborem

104 3514 243 3583 Ingratum
258 3511 362 3578 trahit3
384 3514 420 3577 et,
435 3509 458 3562 si
471 3509 580 3578 quando
592 3509 627 3564 ad
639 3511 745 3578 proelia
757 3516 871 3565 ventum
885 3520 934 3572 est,
