2706 3938
467 221 604 280 vuuaml
627 223 791 274 AENEIDOS
813 223 844 274 V.

143 381 268 451 Depulit
283 387 312 436 et
325 383 402 437 caelo
415 383 526 437 tandem
540 384 686 438 miseratus
699 384 734 438 ab
746 386 802 440 alto
815 396 865 440 est.

144 467 275 524 donsiliis
287 487 363 538 pare,
378 487 448 539 quae
460 487 534 524 nunc
547 471 735 539 pulcherrima
750 471 854 526 Nautes

142 557 198 611 Dat
211 559 321 624 senior3
341 558 428 612 lectos
441 558 560 627 iuvenes,
576 558 727 613 fortissima
738 560 829 626 corda,

144 645 231 698 Deter
243 645 273 696 in
287 643 411 714 ltaliam;
431 661 499 713 gens
508 645 578 700 dura
590 652 673 714 atque
686 663 784 715 aspera
795 647 871 700 cultu

141 730 316 785 Debellanda
327 733 379 785 tibi
393 731 472 786 Latio
485 739 535 786 est.
574 732 647 786 Ditis
662 739 757 788 tamen
771 742 835 788 aute

142 819 271 872 Infernas
283 818 383 872 accede
395 820 499 882 domos,
515 825 542 872 et
555 820 669 874 Averna
680 837 730 890 per
744 821 800 876 alta

142 906 316 974 Congressus
327 913 399 974 pete,
414 911 487 972 nate,
502 923 585 960 meos.
623 906 651 960 N
652 924 688 960 on
701 925 747 962 me
759 909 844 978 impia
857 926 975 979 namque

141 993 259 1046 Tartara
271 993 376 1046 habent
388 993 516 1048 tristesve
529 994 651 1062 umbrae,
667 995 713 1048 sed
728 1013 845 1051 amoena
857 997 965 1065 piorum

141 1080 271 1134 Ocnoilia
283 1079 461 1150 Elysiumque
474 1081 542 1136 colo.
581 1081 644 1136 Huc
657 1091 734 1138 casta
747 1084 852 1152 Sibylla

141 1167 293 1236 Nigrorum
306 1167 394 1221 multo
407 1168 544 1237 pecudum
557 1176 585 1222 te
600 1172 732 1239 sanguiue
744 1172 835 1228 ducet.

140 1256 210 1308 'lum
224 1272 313 1324 genus
324 1273 405 1310 omne
417 1262 505 1324 tuum,
520 1262 548 1311 et
561 1275 630 1328 quae
643 1259 745 1314 dentur
757 1260 874 1327 moeuia‚
889 1260 985 1314 disces.

140 1343 257 1412 Iamque
271 1342 347 1410 vale;
368 1349 479 1412 torquet
492 1345 597 1398 medios
610 1346 674 1400 Nox
689 1347 781 1402 umida
793 1364 897 1410 cursus,

140 1431 176 1484 Et
188 1448 234 1484 me
248 1447 346 1483 saevus
358 1431 435 1499 cquis
449 1431 549 1486 Oriens
563 1433 676 1488 adflavit
688 1435 821 1489 anhelis.'’

139 1518 266 1585 Dixerat,
281 1523 311 1571 et
324 1518 415 1571 tenuis
427 1519 506 1588 fugit,
521 1538 570 1576 ceu
583 1523 684 1591 tumus,
698 1523 827 1577 inauras.

139 1606 261 1673 Aeneas,
277 1607 294 1633 “
303 1604 365 1670 Quo
378 1606 478 1661 deinde
491 1610 564 1664 ruisi
586 1627 640 1678 quo
654 1610 790 1678 proripisl
801 1610 816 1636 ’⁸
830 1610 927 1679 iuquit,

141 1693 259 1758 “Quem
272 1692 365 1761 fugiat
385 1700 432 1748 aut
446 1697 506 1764 quis
519 1702 547 1752 te
559 1698 663 1754 nostris
676 1697 864 1766 complexibus
876 1699 970 1752 arcetl
979 1697 996 1726 ”

138 1781 216 1834 Haec
228 1796 386 1834 memorans
399 1783 519 1838 sinerem
534 1795 562 1838 et
575 1785 681 1854 sopitos
694 1785 808 1840 suscitat
820 1785 900 1853 ignis,

138 1873 377 1942 Pergameumque
390 1873 488 1928 Larem
501 1879 529 1928 et
542 1890 626 1928 canae
639 1873 790 1942 penetralia
803 1872 907 1927 Vestae

138 1961 225 2015 Farre
237 1961 286 2029 pio
300 1968 328 2015 et
340 1961 423 2030 plena
435 1961 548 2030 supplex
563 1965 710 2016 veneratur
724 1977 825 2014 acerra.

174 2047 324 2117 Extemplo
337 2049 426 2102 socios
441 2049 614 2117 primumque
626 2047 740 2102 arcessit
753 2048 882 2114 Acesten,

138 2135 175 2190 Et
188 2137 264 2192 Iovis
277 2139 421 2207 imperium
437 2142 465 2190 et
477 2137 533 2190 cari
546 2141 694 2204 praecepta
706 2134 828 2203 parentis

138 2223 256 2287 Educet,
272 2231 300 2278 et
314 2242 384 2294 quae
396 2241 470 2278 nunc
484 2223 577 2278 animo
590 2222 727 2276 sententia
742 2227 858 2277 constet.

139 2311 222 2366 Hand
235 2329 315 2366 mora
328 2312 456 2380 consiliis,
473 2328 523 2366 nec
536 2311 610 2364 iussa
623 2314 731 2364 recusat
743 2310 867 2364 Acestes.

139 2399 341 2453 Transcribunt
355 2399 415 2452 urbi
428 2405 538 2466 matres,
556 2397 741 2466 populumque
755 2396 892 2450 volentem

139 2485 299 2554 Deponunt.
314 2487 420 2540 animos
433 2486 472 2539 nil
486 2502 602 2554 magnae
616 2485 704 2538 laudis
717 2483 831 2550 egentis·

138 2573 195 2642 Ipsi
208 2579 331 2628 transtra
344 2579 456 2640 novant,
471 2573 643 2641 flammisque
657 2572 767 2625 ambesa
779 2576 919 2638 reponunt
1003 2606 1005 2609 ·

138 2659 251 2714 Robora
263 2660 389 2728 navigiis,
404 2666 500 2729 aptant
513 2676 659 2730 remosque
671 2659 858 2728 rudentisque,

137 2748 238 2817 Exigui
251 2765 375 2815 numero,
391 2749 437 2802 sed
451 2748 524 2802 bello
539 2748 631 2802 vivida
644 2747 740 2801 virtus.

138 2835 250 2890 Interea
262 2836 373 2889 Aeneas
385 2837 479 2890 orbern
494 2835 620 2904 designat
633 2841 725 2889 aratro

137 2923 316 2993 sortiturque
329 2923 441 2991 domos3
461 2924 516 2977 boc
529 2924 609 2976 Ilium
622 2929 651 2976 et
663 2923 732 2977 haec
743 2921 805 2976 loca
817 2921 926 2976 Troiam

136 3009 204 3064 Esse
217 3010 303 3064 iubet.
343 3010 453 3064 Gaudet
464 3027 550 3079 regno
563 3009 697 3064 Troianus
710 3010 833 3078 Acestes,

137 3095 294 3167 indicitque
307 3098 399 3152 forum
413 3105 442 3152 et
454 3098 579 3167 patribus
591 3097 640 3150 dat
652 3097 713 3150 iura
725 3096 838 3150 vocatis.

137 3184 205 3238 'lum
218 3186 311 3240 vicina
324 3187 406 3239 astris
418 3185 539 3252 Erycino
553 3186 580 3238 in
595 3185 699 3238 vertice
713 3183 792 3238 sedes

135 3272 280 3328 Fundetur
294 3272 400 3327 Veneri
413 3272 523 3332 Idaliae.
538 3272 700 3340 tumuloque
713 3270 840 3325 sacerdos

136 3360 179 3414 Ac
190 3362 270 3415 lucus
282 3361 340 3416 late
353 3377 431 3414 sacer
444 3360 554 3414 additur
567 3360 716 3414 Anchiseo.

171 3447 284 3518 lamque
297 3449 357 3502 dies
370 3447 483 3516 epulata
494 3464 595 3502 novem
609 3463 676 3515 gens
689 3447 787 3514 omnis,
802 3451 831 3500 et
843 3446 898 3500 nris

134 3535 233 3590 Factus
245 3537 351 3591 honos:
373 3532 476 3604 placidi
489 3540 648 3588 straverunt
661 3549 781 3602 aequora
794 3533 880 3601 venti,
