2656 3940
485 244 623 293 VERGILI
645 243 811 292 AENEIDOS
833 243 890 292 VII.

183 407 304 462 Aurunci
315 408 416 460 misere
429 412 521 474 patres
535 406 710 475 Sidicinaque
723 405 801 459 iuxta

179 494 316 562 Aequora,
332 495 433 563 quiquo
446 493 526 547 Cales
538 493 674 562 linquunt,
690 493 833 561 amnisque
846 491 942 544 vadosi

178 581 283 635 Accola
295 580 436 647 Volturni,
451 581 610 648 pariterque
624 579 760 633 Saticulus
773 595 852 647 asper

179 668 367 736 Oscorumque
380 685 486 721 manus.
523 667 635 720 Teretes
648 672 712 720 sunt
724 666 835 733 aclydes
847 665 901 719 illis

178 755 258 822 Tela3
279 755 325 808 sed
339 755 407 808 haec
418 754 494 807 lento
508 770 568 806 mos
581 759 622 806 est
636 759 730 821 aptare
744 753 860 820 flagello.

178 841 283 896 Laevas
295 847 388 896 caetra
400 842 476 910 tegit,
492 840 589 894 falcati
601 841 754 893 comminus
767 857 852 894 enses.

214 928 274 983 Nec
286 935 318 983 tu
330 929 497 983 carminibus
510 929 612 981 nostris
625 929 744 981 indictus
755 928 851 994 abibis,

179 1016 292 1084 Oebale,
306 1034 388 1086 quem
401 1032 546 1085 generasse
560 1015 646 1069 Telon
660 1015 809 1068 Sebethide
822 1014 945 1083 nympha

179 1104 285 1170 Fertur,
300 1104 449 1158 Teleboum
464 1104 583 1173 Capreas
597 1120 658 1156 cum
673 1119 758 1170 regna
772 1107 886 1168 teneret,

179 1191 238 1245 Iam
252 1193 357 1260 senior3
377 1192 474 1261 patriis
486 1191 536 1245 sed
548 1207 604 1244 non
618 1196 646 1243 et
658 1189 731 1243 filius
745 1190 818 1242 arvis

180 1278 334 1332 Contentus
347 1279 402 1333 late
414 1280 468 1332 iam
481 1285 540 1332 tum
553 1278 663 1332 dicione
677 1277 822 1345 premebat

180 1366 312 1419 Sarrastis
326 1366 442 1434 populos
455 1370 483 1419 et
496 1382 565 1435 quae
578 1366 649 1434 rigat
664 1381 783 1433 aequora
796 1364 906 1428 Sarnus

181 1452 288 1521 Quique
301 1453 404 1507 Rufras
416 1453 601 1522 Batulumque
613 1458 710 1506 tenent
724 1457 807 1520 atque
820 1468 887 1504 arva
900 1451 1053 1516 Celemnae,

180 1539 217 1592 Et
229 1557 296 1608 quos
309 1541 450 1595 maliferae
463 1541 624 1609 despectant
636 1540 747 1592 moenia
763 1537 886 1604 Abellae,

180 1627 331 1682 Teutonico
344 1630 399 1682 ritu
413 1628 487 1682 soliti
500 1634 631 1698 torquere
645 1629 760 1693 cateias3

179 1714 310 1782 Tegmina
323 1717 382 1784 quis
394 1717 515 1784 capitum
529 1722 624 1784 raptus
637 1716 671 1769 de
684 1716 782 1768 subere
797 1718 900 1779 cortex,

179 1801 353 1871 Aerataeque
365 1803 470 1856 micant
483 1804 580 1871 peltae,
596 1803 679 1857 micat
693 1819 788 1856 aereus
802 1801 881 1854 ensis.

215 1889 251 1942 Et
263 1893 292 1943 te
304 1895 448 1944 montosae
461 1892 559 1944 misere
572 1891 601 1943 in
613 1891 717 1960 proelia
729 1892 842 1958 Nersae,

180 1976 275 2043 Ufens,
290 1977 425 2045 insignem
438 1979 514 2032 fama
526 1987 554 2031 et
566 1979 693 2033 felicibus
707 1983 804 2047 armis3

180 2063 301 2117 Horrida
312 2066 459 2133 praecipue
473 2067 516 2118 cui
530 2083 605 2134 gens,
620 2067 788 2136 adsuetaque
801 2069 889 2123 multo

180 2150 293 2204 Venatu
304 2169 456 2220 nemorum,
471 2153 546 2205 duris
559 2153 711 2222 Aequicula
724 2156 835 2223 glaebis.

180 2239 289 2292 Armati
302 2245 405 2292 terram
419 2247 556 2307 exercent,
572 2258 732 2310 semperque
747 2245 865 2296 recentis

180 2325 351 2380 Convectare
364 2327 441 2380 iuvat
450 2328 567 2396 praedas
580 2333 607 2380 et
620 2330 713 2382 vivere
727 2337 815 2399 rapto.

215 2413 288 2478 Quin
301 2418 330 2467 et
341 2414 482 2468 Marruvia
494 2416 571 2468 venit
584 2415 618 2468 de
631 2422 713 2484 gente
727 2419 863 2486 sacerdos,

179 2501 289 2554 Fronde
303 2518 384 2568 super
397 2502 501 2569 galeam
516 2512 544 2555 et
558 2503 632 2556 felici
646 2510 773 2573 comptus
787 2506 867 2573 oliva,

180 2587 315 2656 Archippi
328 2589 400 2652 regis
414 2590 504 2657 missu,
519 2590 687 2644 fortissimus
702 2591 814 2660 Umbr0,

181 2674 302 2741 Vipereo
315 2676 410 2740 generi
423 2681 450 2728 et
463 2677 582 2743 graviter
597 2679 765 2746 spirantibus
778 2681 874 2748 hydris

180 2762 315 2829 Spargere
328 2763 374 2830 qui
387 2779 498 2816 somnos
507 2769 644 2834 cantuque
657 2784 795 2836 manuque
809 2768 922 2836 solebat,

180 2847 373 2915 Mulcebatque
385 2848 440 2901 iras
453 2854 481 2902 et
494 2867 602 2904 morsus
616 2858 675 2906 arte
689 2853 808 2906 levabat.

181 2933 234 2987 Sed
247 2951 303 2988 non
316 2935 471 2990 Dardaniae
485 2938 614 2992 medicari
629 2940 748 3009 cuspidis
762 2941 846 2994 ictum

180 3021 298 3088 Evaluit,
313 3039 402 3091 neque
414 3040 475 3078 eum
490 3025 584 3079 iuvere
598 3027 627 3079 in
642 3027 753 3081 volnera
766 3034 862 3082 cantus

180 3108 330 3163 Somniferi
343 3119 371 3163 et
383 3110 481 3165 Marsis
495 3114 634 3181 quaesitae
648 3114 789 3168 montibus
801 3114 914 3168 herbae.

180 3197 218 3249 Te
231 3214 326 3250 nemus
341 3199 497 3267 Anguitiae,
513 3200 602 3254 vitrea
614 3205 642 3254 te
655 3199 776 3254 Fucinus
789 3201 871 3266 unda,

181 3284 218 3338 Te
231 3284 326 3352 liquidi
339 3285 439 3340 flevere
452 3287 536 3340 lacus.

216 3371 278 3424 lbat
287 3377 315 3426 et
328 3373 474 3441 Hippolyti
487 3374 578 3440 proles
591 3375 776 3443 pulcherrirna
788 3375 869 3442 bello,

183 3457 304 3524 Virbius,
319 3459 454 3526 insignem
468 3476 548 3528 quem
562 3467 651 3514 mater
664 3462 758 3516 Aricia
770 3463 852 3530 misit,

180 3543 317 3597 Eductum
331 3544 445 3612 Egeriae
457 3543 526 3598 lucis
538 3548 661 3600 umentia
674 3549 776 3602 circum
