2734 3936
475 235 613 285 VERGILI
637 237 767 286 ECLOGA
789 237 821 288 X.

545 434 698 487 ECLOGA
724 435 759 489 X.

580 552 719 600 GALLUS.

133 663 301 719 Extremum
313 663 396 733 hunc,
410 664 560 731 Arethusa,
574 663 644 716 mihi
656 664 778 718 concede
789 663 929 719 laborem:

134 750 228 805 Pauca
240 767 303 805 meo
316 750 406 819 Gallo,
421 751 469 804 sed
482 768 553 820 quae
565 749 639 818 legat
652 751 714 820 ipsa
725 751 848 819 Lycoris,

135 837 267 892 Carmina
278 843 345 891 sunt
357 837 490 892 dicenda:
511 842 594 905 neget
607 837 668 906 quis
681 838 804 892 carmina
817 837 916 892 Gallol

135 923 182 977 Sic
194 923 255 989 tibi,
270 941 334 978 cum
347 923 448 977 fluctus
460 924 649 978 subterlabere
662 924 785 992 Sicanos,

135 1010 219 1064 Dor-is
231 1028 326 1066 amara
338 1028 414 1064 suam
427 1027 485 1064 non
497 1011 686 1065 intermisceat
697 1012 816 1066 undam:

136 1096 249 1166 Incipe;
270 1098 403 1151 sollicitos
417 1097 489 1151 Galli
502 1097 625 1152 dicamus
637 1115 752 1166 amores,

136 1183 211 1236 Dum
223 1190 321 1238 tenera
332 1184 481 1239 attondent
493 1185 579 1238 simae
592 1184 713 1254 virgulta
726 1185 855 1255 capellae.

136 1270 163 1323 N
165 1287 202 1324 on
215 1272 340 1325 canimus
353 1271 457 1340 surdis3
478 1272 648 1340 respondent
662 1273 756 1326 omnia
767 1273 861 1342 silvae.

174 1357 250 1423 Quae
261 1375 384 1426 nemora,
399 1365 447 1412 aut
460 1359 507 1428 qui
519 1376 569 1412 vos
581 1360 666 1413 saltus
679 1360 808 1428 habuere,
823 1360 931 1428 puellae

138 1443 250 1514 Naidea
261 1445 375 1514 indigno
389 1462 451 1499 cum
465 1445 561 1499 Gallus
575 1449 668 1499 amore
681 1446 805 1514 peribat?

137 1531 210 1586 Nam
222 1548 313 1602 neque
325 1532 440 1586 Parnasi
453 1533 531 1587 vobis
543 1533 615 1602 iuga,
630 1549 695 1586 nam
707 1549 798 1602 neque
810 1533 893 1586 Pindi

137 1619 201 1674 Ulla
211 1637 319 1674 moram
331 1621 432 1688 fecere,
446 1637 535 1690 nequo
552 1621 640 1674 Aonie
653 1621 808 1690 Aganippe.

136 1705 219 1759 Illum
233 1706 314 1760 etiam
328 1705 407 1774 lauri,
424 1707 506 1761 etiam
520 1707 621 1762 flevere
633 1709 772 1776 myricae;

137 1793 243 1846 Pinifer
255 1793 334 1846 illum
347 1793 432 1847 etiam
445 1794 504 1848 sola
515 1795 565 1848 sub
578 1811 648 1864 rupe
660 1795 797 1849 iacentem

137 1879 280 1933 Maenalus
292 1886 320 1934 ct
332 1879 415 1948 gelidi
428 1879 567 1935 fleverunt
579 1899 645 1936 saxa
656 1881 765 1950 Lycaei.

137 1965 220 2020 Stant
232 1973 262 2020 ct
273 1984 339 2022 oves
352 1967 454 2022 circum
463 1970 597 2036 ;—n0stri
610 1986 661 2024 nec
673 1971 798 2038 paenitet
810 1969 878 2040 illas,

138 2053 198 2108 Nec
211 2063 240 2108 te
252 2056 393 2124 paeniteat
404 2057 520 2124 pecoris,
536 2057 629 2110 divine
641 2067 739 2126 pocta:
815 2055 816 2058 ’

137 2142 174 2196 Et
186 2142 326 2196 formosus
339 2143 399 2196 ovis
411 2143 447 2196 ad
459 2143 573 2198 flumina
584 2145 661 2214 pavit
676 2146 818 2200 Adonis-

138 2229 227 2283 Venit
239 2235 267 2283 ct
280 2229 382 2298 upili03
402 2231 475 2284 tardi
488 2247 590 2285 venere
607 2232 734 2300 bubulci3

140 2317 245 2370 Uvidus
256 2316 375 2371 hiberna
387 2318 464 2371 venit
477 2319 511 2372 de
523 2319 623 2388 glande
637 2320 783 2375 Menalcas.

138 2404 243 2458 Omnes
262 2404 370 2458 “Unde
389 2421 467 2458 amor
478 2405 531 2459 iste
542 2405 558 2433 ’²
578 2412 678 2474 rogant
696 2408 790 2464 “tibi?
801 2407 818 2436 ”
856 2408 943 2462 Venit
957 2408 1073 2477 Apollo:

139 2491 253 2562 “Galla
268 2491 334 2560 quid
347 2491 468 2545 insanisl
478 2491 493 2519 ’²
506 2492 611 2562 inquit;
634 2495 706 2548 “tua
719 2511 784 2548 cura
796 2495 911 2562 Lycoris

137 2577 247 2648 Perque
259 2579 339 2632 nives
351 2578 435 2632 alium
448 2595 552 2648 perque
564 2580 679 2636 horrida
691 2589 780 2635 castra
792 2588 886 2636 secuta
899 2583 970 2635 cst.”

139 2665 227 2719 Venit
239 2669 268 2719 ct
281 2665 383 2732 agresti
397 2666 497 2734 capitis
509 2666 637 2721 Silvanus
650 2669 763 2736 honore,

139 2751 277 2806 Florentia
288 2751 394 2806 ferulas
407 2759 434 2806 et
447 2753 563 2820 grandia
575 2755 634 2808 lilia
647 2772 784 2824 quassans.

139 2839 197 2894 Pan
210 2840 279 2892 deus
292 2839 427 2893 Arcadiae
440 2841 525 2908 venit,
540 2857 621 2910 quem
635 2842 753 2896 vidimus
766 2843 817 2910 ipsi

139 2927 303 2995 Sanguineis
317 2927 392 2980 ebuli
406 2926 482 2981 bacis
495 2928 635 2997 minioque
649 2930 805 2984 rubentem.

141 3015 158 3042 ‘⁴
167 3014 270 3083 Ecquis
282 3015 336 3067 erit
348 3013 464 3067 modusl
473 3013 490 3042 ”
503 3015 608 3083 inquit;
632 3015 743 3070 “Amor
755 3032 813 3071 non
825 3019 893 3072 talia
905 3024 999 3087 curat3

140 3099 198 3155 Nec
209 3101 331 3155 lacrimis
344 3101 464 3154 crudelis
476 3101 573 3170 Amor,
589 3119 639 3156 nec
652 3105 777 3171 gramina
788 3105 863 3173 rivis,

140 3186 198 3242 Nec
211 3189 300 3255 cytiso
314 3193 473 3242 saturantur
487 3205 559 3258 epea,
573 3205 624 3243 nec
638 3190 738 3244 fronde
754 3192 901 3260 capellae.”

140 3274 233 3329 Tristis
252 3283 281 3331 at
306 3276 353 3329 ille
372 3275 500 3330 “Tamen
514 3277 668 3344 cantabitis,
684 3279 808 3332 Arcades
818 3279 834 3306 ”
847 3281 944 3349 inquit,

142 3361 307 3416 “Montibus
320 3362 387 3416 haec
401 3363 508 3430 vestris,
523 3363 573 3416 soli
587 3370 697 3418 cantare
710 3365 792 3434 periti

140 3448 269 3502 Arcadas.
309 3450 333 3501 O
347 3449 416 3501 mihi
428 3455 487 3502 tum
501 3467 582 3519 quam
597 3451 717 3504 molliter
730 3468 791 3505 ossa
803 3452 954 3523 quieseant,

141 3533 239 3590 Vestra
250 3553 329 3590 meos
341 3536 408 3589 olim
421 3536 444 3589 si
456 3536 548 3591 fistula
559 3537 635 3591 dicat
647 3540 768 3592 amoresl
