2730 3936
479 229 614 280 VERGILl
637 227 803 280 annnlnos
825 229 845 280 1.

152 395 215 449 Tum
229 397 349 450 celerare
362 395 454 464 sugam
468 393 610 463 patriaque
626 393 760 448 excedere
773 391 877 461 suadet,

147 482 346 552 Auxiliumque
359 483 421 536 viae
434 482 536 536 veteris
548 481 647 535 tellure
661 480 779 534 recludit

146 569 309 638 Thesauros,
323 570 450 638 ignotum
463 569 571 638 argenti
584 569 693 638 pondus
706 573 734 622 et
747 567 814 622 auri.

147 656 197 710 His
209 666 350 711 commota
361 657 453 725 fugam
467 656 541 710 Dido
554 657 696 725 sociosque
710 656 834 724 parabat.

147 745 331 809 Oonveuiunt,
347 743 446 813 quibus
458 749 505 797 aut
518 743 612 797 odium
625 742 737 797 crudele
749 741 862 810 tyranni

148 831 206 884 Aut
218 838 309 885 metus
322 847 385 885 aeer
397 837 469 897 erat3
491 833 576 897 navis,
592 847 661 899 quas
673 831 746 884 forte
758 835 879 898 paratae,

147 919 317 987 Oorripiunt,
333 923 502 986 onerantque
516 933 600 984 auro;
621 922 769 986 portantur
781 916 856 970 avari

147 1005 335 1074 Pygmalionis
347 1021 416 1074 opes
429 1005 541 1074 pelago;
563 1004 620 1058 dux
633 1005 737 1058 semina
748 1004 825 1058 faeti.

146 1093 292 1147 Devenere
303 1092 388 1160 locos,
402 1092 450 1146 ubi
463 1108 536 1146 nuno
548 1092 671 1160 ingentia
683 1091 773 1144 oernis

147 1181 259 1236 Moenia
271 1185 483 1249 surgentemque
495 1195 585 1233 novae
598 1179 780 1246 Karthaginis
792 1194 891 1245 aroana,

146 1267 317 1337 Mereatique
329 1267 426 1335 solum,
439 1267 508 1320 facti
520 1265 556 1320 de
568 1265 680 1320 nomine
692 1265 818 1332 Byrsam,

146 1355 268 1410 Taurino
281 1361 414 1424 quantum
428 1361 541 1423 possent
554 1352 723 1407 circumdare
736 1358 823 1420 terga

147 1443 199 1497 Sed
214 1460 265 1497 vos
278 1443 324 1511 qui
337 1441 458 1506 taudem,
474 1441 573 1511 quibus
585 1447 633 1494 aut
647 1441 763 1494 venistis
775 1439 809 1493 ab
822 1439 887 1508 uris,

147 1530 244 1596 Quove
257 1519 360 1584 tenetis
371 1529 442 1583 iteri
453 1527 469 1556 ’³
489 1527 639 1593 Quaerenti
653 1528 755 1582 talibus
767 1526 813 1580 illa

147 1618 295 1688 Suspirans
307 1617 417 1686 imoque
431 1615 545 1670 trahens
557 1633 574 1670 a
586 1621 698 1685 pectore
711 1631 823 1668 voeem:

183 1705 233 1760 ‘¹0
247 1704 308 1772 dea,
324 1703 346 1756 si
360 1705 449 1772 prima
462 1709 588 1774 repetens
601 1703 636 1756 ab
650 1703 756 1770 origiue
769 1717 889 1770 pergam,

146 1792 183 1846 Et
195 1797 278 1847 vaeet
290 1790 397 1845 annalis
412 1795 571 1844 nostrorum
585 1789 679 1844 audire
691 1789 825 1855 laborum,

148 1882 224 1937 Ante
237 1882 312 1935 diem
325 1882 420 1936 elauso
432 1885 581 1950 oomponet
594 1879 704 1947 Vesper
717 1876 845 1944 Olympo.

149 1969 208 2023 Nos
220 1969 305 2024 Troia
317 1969 438 2038 antiqua,
454 1969 477 2022 si
489 1973 597 2022 vestras
609 1967 681 2020 sorte
694 1981 743 2033 per
755 1963 829 2017 auris

148 2055 248 2112 Troiae
262 2073 362 2111 nomen
376 2057 416 2124 iit,
431 2055 540 2111 diversa
551 2071 602 2125 per
614 2069 733 2122 aequora
745 2056 839 2106 veotos

148 2143 232 2200 Forte
247 2161 296 2198 sua
309 2144 419 2212 Libyeis
432 2148 582 2213 tempestas
595 2142 702 2212 appulit
714 2141 778 2194 oris.

150 2230 215 2286 Sum
228 2232 293 2301 pius
305 2232 422 2298 Aeneas,
437 2238 531 2300 ruptos
544 2231 589 2299 qui
603 2246 637 2284 ex
649 2228 729 2282 hoste
742 2226 855 2280 Penatis

150 2319 243 2374 Classe
257 2320 328 2374 veho
340 2335 457 2388 meeum,
472 2320 547 2373 fama
559 2335 642 2387 super
654 2317 765 2371 aethera
777 2323 868 2370 notus.

150 2405 259 2461 ltaliam
273 2423 374 2475 quaero
387 2406 505 2475 patriam
517 2411 547 2459 et
559 2421 646 2473 genas
658 2404 693 2458 ab
707 2404 773 2457 love
784 2417 900 2456 summo.

149 2493 197 2547 Bis
210 2495 291 2548 denis
304 2493 453 2562 Phrygium
468 2493 616 2548 oonseendi
630 2493 746 2546 navibus
758 2506 869 2560 aequor,

151 2580 240 2635 Matre
253 2581 306 2634 dea
318 2586 489 2634 monstrante
502 2581 583 2647 viam,
598 2579 664 2633 data
675 2580 736 2632 fata
748 2585 870 2644 secutus3

151 2667 207 2721 Vix
220 2677 327 2738 septem
341 2668 487 2722 convulsas
500 2667 581 2721 undis
592 2667 722 2734 Euroque
734 2668 888 2734 supersunt.

151 2755 213 2823 Ipse
225 2755 345 2824 ignotus,
359 2771 449 2823 egens,
464 2753 567 2822 Libyae
580 2753 690 2807 deserta
702 2768 827 2821 paragra,

152 2840 266 2911 Europa
277 2847 360 2911 atque
373 2842 441 2896 Asia
454 2840 575 2910 pulsus.'’
614 2839 673 2894 Neo
686 2840 766 2908 plura
778 2843 939 2908 querentem

152 2928 236 2983 Passa
248 2929 345 2983 Venus
358 2929 449 2982 medio
462 2929 502 2982 sie
515 2927 648 2982 interfata
661 2927 757 2980 dolore
771 2931 826 2979 est:

154 3015 308 3085 “Quisquis
321 3033 357 3084 es,
372 3015 453 3083 haud,
468 3015 560 3078 oredo,
575 3015 681 3068 invisus
693 3013 856 3068 caelestibus
868 3026 949 3065 auras

153 3102 254 3158 Vitalis
266 3104 364 3172 carpis,
379 3103 489 3171 Tyriam
504 3102 549 3171 qui
563 3101 707 3156 adveneris
720 3101 826 3153 urbem.

154 3188 240 3259 Perge
253 3191 345 3259 modo,
359 3193 442 3259 atq‘ue
455 3190 519 3244 hino
532 3195 560 3242 te
572 3188 683 3257 reginae
696 3187 730 3241 ad
743 3187 839 3239 limina
853 3184 949 3253 perfer.

156 3276 280 3346 Namque
293 3277 343 3331 tibi
356 3276 470 3331 reduces
483 3277 571 3330 socios
584 3277 752 3343 classemque
766 3273 881 3326 relatam

156 3362 260 3418 Nuntio
273 3370 301 3418 et
313 3365 342 3416 in
354 3370 445 3417 tutum
459 3364 545 3416 versis
558 3362 733 3432 aquilonibus
746 3367 843 3428 aetam

156 3449 191 3503 Ni
204 3451 308 3506 frustra
319 3451 462 3519 augurium
477 3451 540 3504 vani
553 3452 671 3504 doouere
683 3454 821 3517 parentes.

157 3538 257 3606 Aspiee
269 3539 311 3596 bis
324 3555 404 3594 sanos
415 3539 547 3593 laetantis
559 3539 668 3605 agurius
681 3551 789 3602 cyanos,
