2706 3938
416 233 552 282 vetem
575 232 739 282 AENEIDOS
762 233 806 283 Vl.

116 398 225 466 Tartara,
239 403 265 452 et
276 397 376 451 insano
388 396 466 450 iuvat
478 395 620 463 indulgere
633 394 728 462 labori,

116 483 216 554 Accipe,
230 503 297 554 quae
310 483 466 554 peragenda
477 483 562 552 prius.
600 482 682 536 Latet
694 481 792 535 arbore
804 497 891 551 opaea

115 573 213 626 Aureus
224 578 252 627 et
263 572 336 626 foliis
349 577 379 626 et
391 571 467 624 lento
482 571 583 624 vimine
600 586 700 636 ramus,

115 659 202 713 Iunoni
213 661 339 714 infernae
352 660 442 713 dictus
454 675 546 725 sacer3
567 657 641 710 hunc
653 657 724 724 tegit
736 657 826 710 omnis

114 746 193 801 lucus
204 753 231 801 et
243 748 368 802 obscuris
380 745 511 800 claudunt
524 744 695 800 convallibus
707 745 829 799 umbrae.

115 835 161 888 Sed
172 852 226 888 non
238 840 303 890 ante
316 835 398 888 datur
410 833 516 887 telluris
529 837 626 901 operta
638 831 739 896 subire,

114 921 266 976 Aurieomos
280 939 362 992 quam
376 921 422 991 qui
436 919 605 989 decerpserit
619 919 718 972 arbore
730 918 809 974 fetus.

114 1009 167 1063 Hoc
177 1011 227 1064 sibi
236 1010 353 1079 pulchra
365 1025 444 1062 suum
457 1007 524 1061 ferri
537 1005 704 1074 Proserpina
716 1023 816 1060 munus

114 1095 232 1151 instituit.
270 1096 366 1150 Primo
380 1095 474 1150 avulso
487 1110 545 1148 non
557 1093 651 1148 deficit
663 1092 733 1147 alter

113 1184 219 1253 Aureus,
234 1192 262 1239 et
275 1183 359 1237 simili
371 1181 525 1236 frondescit
538 1181 616 1250 virga
628 1180 748 1234 metallo.

113 1269 178 1340 Ergo
189 1272 243 1326 alte
256 1271 363 1339 vestiga
376 1270 470 1337 oculis,
485 1274 513 1322 et
526 1269 579 1322 rite
591 1274 731 1337 repertum

113 1359 192 1427 Carpe
202 1376 301 1414 manu:
322 1373 441 1428 namque
454 1357 513 1425 ipse
526 1355 620 1410 volens
632 1353 773 1424 facilisque
786 1361 923 1426 sequetur,

113 1446 138 1499 Si
149 1451 174 1500 te
184 1447 242 1500 fata
253 1452 373 1512 vocant,
394 1443 473 1498 aliter
484 1443 541 1498 non
553 1442 658 1496 viribus
670 1442 733 1496 ullis

113 1533 230 1604 Vincere,
244 1551 299 1588 nec
311 1533 382 1586 duro
394 1533 498 1603 poteris
511 1530 666 1586 convellere
678 1531 760 1586 ferro.

112 1619 246 1678 Praeterea
258 1626 333 1678 iacet
345 1625 501 1678 exanimum
514 1624 565 1678 tibi
576 1642 675 1694 corpus
687 1628 803 1681 amici-

112 1709 166 1764 Heu
178 1713 263 1766 nescis
272 1714 461 1780 l-totamque
473 1712 590 1766 incestat
603 1714 701 1768 funere
713 1714 835 1782 classem,

112 1795 177 1850 Dum
189 1799 314 1854 consulta
326 1800 398 1868 petis
410 1804 560 1867 nostroque
571 1799 601 1852 in
617 1799 712 1856 limine
725 1801 836 1870 pendes.

108 1879 218 1936 ‘Sedibus
230 1885 305 1938 hunc
318 1884 471 1938 referente
484 1885 540 1938 suis
553 1890 581 1938 et
593 1886 681 1940 conde
694 1887 829 1956 sepulcro.

113 1971 166 2029 Duc
177 1979 267 2048 nigras
282 1979 417 2050 pecudem
438 1995 471 2032 ea
482 1977 573 2047 prirna
584 1979 693 2046 piacula
705 1985 794 2032 sunto.

113 2062 151 2118 Sic
163 2066 269 2121 demum
282 2069 361 2122 lucos
375 2068 467 2138 Stygis
480 2075 507 2123 et
520 2086 605 2138 regna
617 2069 693 2123 invia
704 2068 775 2121 vivia

82 2164 100 2204 t
113 2154 253 2224 Aspicies.”
290 2159 378 2225 Dixit,
393 2175 543 2228 pressoque
556 2156 696 2210 obmutuit
707 2170 764 2209 ore.

142 2242 245 2299 Aeneas
257 2253 365 2300 maesto
377 2245 484 2300 defixus
495 2243 602 2298 lumina
614 2243 691 2296 voltu

113 2325 266 2400 Ingreditur,
282 2333 411 2402 linquens
424 2337 542 2398 antrum,
557 2345 706 2398 caecosque
718 2327 826 2382 volutat

113 2411 225 2472 Eventus
237 2420 333 2474 animo
345 2435 445 2473 secum.
484 2418 535 2472 (lui
548 2417 620 2472 fidus
633 2417 754 2470 Achates

113 2499 136 2554 It
146 2521 238 2572 comes,
253 2513 282 2560 et
294 2506 409 2576 paribus
422 2505 494 2559 curis
508 2504 624 2573 vestigia
635 2503 702 2572 figit.

113 2586 191 2646 Multa
201 2593 274 2647 inter
287 2609 347 2647 sese
361 2593 437 2646 vario
450 2607 576 2646 sermone
589 2591 725 2656 serebant,

114 2674 192 2740 Quem
204 2680 309 2736 socium
323 2679 476 2734 exanimem
490 2683 576 2743 vates,
592 2677 778 2747 quod‘corpus
790 2674 962 2730 humandum

113 2760 221 2823 Diceret.
256 2769 350 2836 Atque
362 2765 403 2819 illi
416 2765 553 2819 Misenum
566 2764 594 2817 in
607 2764 689 2818 litore
703 2765 783 2829 sicco,

114 2848 147 2904 Ut
157 2871 260 2924 venere,
273 2855 371 2910 vident
383 2855 497 2922 indigna
509 2859 599 2908 morte
613 2857 795 2922 peremptum,

114 2935 237 2996 Misenum
251 2943 396 3011 Aeoliden,
412 2960 466 3012 quo
480 2959 535 2996 non
549 2941 734 3011 praestantior
747 2939 817 2994 alter

115 3022 178 3082 Aere
190 3030 261 3084 ciere
274 3031 359 3098 viros,
373 3030 546 3099 Martemque
559 3028 707 3083 accendere
720 3033 811 3081 cantu.

115 3109 230 3170 Hectoris
241 3117 288 3172 hic
301 3117 394 3186 magni
407 3119 497 3170 tuerat
510 3133 610 3182 eomes,
626 3115 748 3169 Hectora
760 3116 863 3168 circum

114 3194 146 3251 Et
156 3200 221 3256 lituo
234 3221 342 3273 pugnas
355 3203 469 3272 insignis
482 3203 577 3257 obibat
589 3208 617 3255 et
629 3201 715 3256 hasta

114 3282 250 3357 Postquam
263 3291 342 3344 illum
356 3291 413 3344 vita
425 3290 516 3344 victor
533 3289 660 3358 spoliavit
672 3288 802 3356 Achilles,

115 3368 243 3430 Dardanio
257 3379 369 3432 Aeneae
382 3393 440 3431 sese
453 3377 620 3430 fortissimus
631 3376 714 3430 heros

116 3457 259 3518 Addiderat
270 3464 383 3531 socium,
399 3480 452 3516 non
465 3463 601 3517 inferiora
614 3469 731 3517 secutus.

115 3541 162 3599 Sed
172 3553 236 3619 tum,
251 3551 324 3605 forte
337 3567 405 3604 cava
417 3551 483 3603 dum
495 3557 625 3620 personet
639 3567 758 3620 aequora
770 3547 885 3614 coneha,
