<?xml version="1.0" encoding="UTF-8"?>
<!DOCTYPE html PUBLIC "-//W3C//DTD XHTML 1.0 Transitional//EN"
    "http://www.w3.org/TR/xhtml1/DTD/xhtml1-transitional.dtd">
<html xmlns="http://www.w3.org/1999/xhtml" xml:lang="en" lang="en">
 <head>
  <title>
</title>
<meta http-equiv="Content-Type" content="text/html;charset=utf-8" />
  <meta name='ocr-system' content='tesseract 3.04.00' />
  <meta name='ocr-capabilities' content='ocr_page ocr_carea ocr_par ocr_line ocrx_word'/>
</head>
<body>
  <div class='ocr_page' id='page_1' title='image "./arevisedtextpoe00virggoog_0264.png"; bbox 0 0 2706 3938; ppageno 0'>
   <div class='ocr_carea' id='block_1_1' title="bbox 505 231 911 282">
    <p class='ocr_par' dir='ltr' id='par_1_1' title="bbox 505 231 911 282">
     <span class='ocr_line' id='line_1_1' title="bbox 505 231 911 282; baseline -0.002 -1"><span class='ocrx_word' id='word_1_1' title='bbox 505 231 643 281; x_wconf 75' lang='lat' dir='ltr'><strong>VERGILI</strong></span> <span class='ocrx_word' id='word_1_2' title='bbox 665 231 831 280; x_wconf 76' lang='lat' dir='ltr'>AENEIDOS</span> <span class='ocrx_word' id='word_1_3' title='bbox 853 232 911 282; x_wconf 85' lang='lat' dir='ltr'><strong>Vll.</strong></span> 
     </span>
    </p>
   </div>
   <div class='ocr_carea' id='block_1_2' title="bbox 198 393 971 1337">
    <p class='ocr_par' dir='ltr' id='par_1_2' title="bbox 200 393 960 464">
     <span class='ocr_line' id='line_1_2' title="bbox 200 393 960 464; baseline -0.003 -14"><span class='ocrx_word' id='word_1_4' title='bbox 200 396 272 450; x_wconf 88' lang='lat' dir='ltr'><strong>Hinc</strong></span> <span class='ocrx_word' id='word_1_5' title='bbox 283 395 371 464; x_wconf 88' lang='lat' dir='ltr'><strong>illum,</strong></span> <span class='ocrx_word' id='word_1_6' title='bbox 386 394 503 462; x_wconf 77' lang='lat' dir='ltr'><strong>Corythi</strong></span> <span class='ocrx_word' id='word_1_7' title='bbox 517 393 659 462; x_wconf 83' lang='lat' dir='ltr'><strong>Tyrrhena</strong></span> <span class='ocrx_word' id='word_1_8' title='bbox 671 396 705 449; x_wconf 90' lang='lat' dir='ltr'><strong>ab</strong></span> <span class='ocrx_word' id='word_1_9' title='bbox 719 395 783 448; x_wconf 92' lang='lat' dir='ltr'><strong>sede</strong></span> <span class='ocrx_word' id='word_1_10' title='bbox 796 395 960 464; x_wconf 73' lang='lat' dir='ltr'><strong>profectum,</strong></span> 
     </span>
    </p>

    <p class='ocr_par' dir='ltr' id='par_1_3' title="bbox 198 482 780 550">
     <span class='ocr_line' id='line_1_3' title="bbox 198 482 780 550; baseline -0.003 -14"><span class='ocrx_word' id='word_1_11' title='bbox 198 484 294 536; x_wconf 86' lang='lat' dir='ltr'><strong>Aurea</strong></span> <span class='ocrx_word' id='word_1_12' title='bbox 305 498 379 536; x_wconf 91' lang='lat' dir='ltr'><strong>nunc</strong></span> <span class='ocrx_word' id='word_1_13' title='bbox 391 482 460 535; x_wconf 92' lang='lat' dir='ltr'><strong>solio</strong></span> <span class='ocrx_word' id='word_1_14' title='bbox 473 482 609 535; x_wconf 89' lang='lat' dir='ltr'><strong>stellantis</strong></span> <span class='ocrx_word' id='word_1_15' title='bbox 622 482 698 550; x_wconf 81' lang='lat' dir='ltr'><strong>regia</strong></span> <span class='ocrx_word' id='word_1_16' title='bbox 711 482 780 536; x_wconf 88' lang='lat' dir='ltr'><strong>caeli</strong></span> 
     </span>
    </p>

    <p class='ocr_par' dir='ltr' id='par_1_4' title="bbox 199 568 915 721">
     <span class='ocr_line' id='line_1_4' title="bbox 199 568 915 638; baseline 0 -15"><span class='ocrx_word' id='word_1_17' title='bbox 199 570 311 638; x_wconf 79' lang='lat' dir='ltr'>Accipit</span> <span class='ocrx_word' id='word_1_18' title='bbox 323 575 351 622; x_wconf 95' lang='lat' dir='ltr'><strong>et</strong></span> <span class='ocrx_word' id='word_1_19' title='bbox 364 586 510 623; x_wconf 89' lang='lat' dir='ltr'><strong>numerum</strong></span> <span class='ocrx_word' id='word_1_20' title='bbox 524 568 652 622; x_wconf 85' lang='lat' dir='ltr'><strong>divorum</strong></span> <span class='ocrx_word' id='word_1_21' title='bbox 666 569 799 623; x_wconf 89' lang='lat' dir='ltr'><strong>altaribus</strong></span> <span class='ocrx_word' id='word_1_22' title='bbox 812 569 915 624; x_wconf 84' lang='lat' dir='ltr'><strong>addit.&#39;&#39;</strong></span> 
     </span>
     <span class='ocr_line' id='line_1_5' title="bbox 233 655 906 721; baseline 0.001 -12"><span class='ocrx_word' id='word_1_23' title='bbox 233 655 365 721; x_wconf 80' lang='lat' dir='ltr'><strong>Dixerat3</strong></span> <span class='ocrx_word' id='word_1_24' title='bbox 386 661 414 710; x_wconf 93' lang='lat' dir='ltr'><strong>et</strong></span> <span class='ocrx_word' id='word_1_25' title='bbox 427 656 502 709; x_wconf 91' lang='lat' dir='ltr'><strong>dicta</strong></span> <span class='ocrx_word' id='word_1_26' title='bbox 513 655 635 711; x_wconf 79' lang='lat' dir='ltr'><strong>Ilioneus</strong></span> <span class='ocrx_word' id='word_1_27' title='bbox 648 656 687 710; x_wconf 91' lang='lat' dir='ltr'><strong>sic</strong></span> <span class='ocrx_word' id='word_1_28' title='bbox 700 673 768 710; x_wconf 90' lang='lat' dir='ltr'><strong>voce</strong></span> <span class='ocrx_word' id='word_1_29' title='bbox 781 661 906 711; x_wconf 87' lang='lat' dir='ltr'><strong>secutus:</strong></span> 
     </span>
    </p>

    <p class='ocr_par' dir='ltr' id='par_1_5' title="bbox 201 743 955 816">
     <span class='ocr_line' id='line_1_6' title="bbox 201 743 955 816; baseline 0.003 -20"><span class='ocrx_word' id='word_1_30' title='bbox 201 745 218 773; x_wconf 85' lang='lat'><strong>“</strong></span> <span class='ocrx_word' id='word_1_31' title='bbox 227 743 295 810; x_wconf 85' lang='lat' dir='ltr'>Rex,</span> <span class='ocrx_word' id='word_1_32' title='bbox 311 760 397 810; x_wconf 81' lang='lat' dir='ltr'><strong>genus</strong></span> <span class='ocrx_word' id='word_1_33' title='bbox 410 743 549 811; x_wconf 83' lang='lat' dir='ltr'><strong>egregium</strong></span> <span class='ocrx_word' id='word_1_34' title='bbox 563 743 658 816; x_wconf 77' lang='lat' dir='ltr'><strong>Fauni,</strong></span> <span class='ocrx_word' id='word_1_35' title='bbox 673 760 725 798; x_wconf 89' lang='lat' dir='ltr'><strong>nec</strong></span> <span class='ocrx_word' id='word_1_36' title='bbox 737 743 866 797; x_wconf 88' lang='lat' dir='ltr'><strong>fluctibus</strong></span> <span class='ocrx_word' id='word_1_37' title='bbox 879 749 955 798; x_wconf 89' lang='lat' dir='ltr'><strong>actos</strong></span> 
     </span>
    </p>

    <p class='ocr_par' dir='ltr' id='par_1_6' title="bbox 198 829 863 900">
     <span class='ocr_line' id='line_1_7' title="bbox 198 829 863 900; baseline 0.003 -17"><span class='ocrx_word' id='word_1_38' title='bbox 198 831 270 884; x_wconf 73' lang='lat' dir='ltr'><strong>&#39;Atra</strong></span> <span class='ocrx_word' id='word_1_39' title='bbox 283 830 390 898; x_wconf 76' lang='lat' dir='ltr'>subegit</span> <span class='ocrx_word' id='word_1_40' title='bbox 401 829 491 884; x_wconf 90' lang='lat' dir='ltr'><strong>hiems</strong></span> <span class='ocrx_word' id='word_1_41' title='bbox 504 831 603 884; x_wconf 88' lang='lat' dir='ltr'><strong>vestris</strong></span> <span class='ocrx_word' id='word_1_42' title='bbox 615 831 761 885; x_wconf 78' lang='lat' dir='ltr'><strong>succedere</strong></span> <span class='ocrx_word' id='word_1_43' title='bbox 775 832 863 900; x_wconf 87' lang='lat' dir='ltr'><strong>terris,</strong></span> 
     </span>
    </p>

    <p class='ocr_par' dir='ltr' id='par_1_7' title="bbox 199 915 782 986">
     <span class='ocr_line' id='line_1_8' title="bbox 199 915 782 986; baseline 0.003 -16"><span class='ocrx_word' id='word_1_44' title='bbox 199 915 258 970; x_wconf 88' lang='lat' dir='ltr'><strong>Nec</strong></span> <span class='ocrx_word' id='word_1_45' title='bbox 271 917 346 970; x_wconf 91' lang='lat' dir='ltr'><strong>sidus</strong></span> <span class='ocrx_word' id='word_1_46' title='bbox 358 918 470 985; x_wconf 85' lang='lat' dir='ltr'><strong>regione</strong></span> <span class='ocrx_word' id='word_1_47' title='bbox 484 918 544 972; x_wconf 86' lang='lat' dir='ltr'><strong>viae</strong></span> <span class='ocrx_word' id='word_1_48' title='bbox 557 918 657 972; x_wconf 80' lang='lat' dir='ltr'><strong>litusve</strong></span> <span class='ocrx_word' id='word_1_49' title='bbox 670 918 782 986; x_wconf 78' lang='lat' dir='ltr'><strong>fefellit3</strong></span> 
     </span>
    </p>

    <p class='ocr_par' dir='ltr' id='par_1_8' title="bbox 199 1004 960 1074">
     <span class='ocr_line' id='line_1_9' title="bbox 199 1004 960 1074; baseline 0.004 -17"><span class='ocrx_word' id='word_1_50' title='bbox 199 1004 322 1058; x_wconf 81' lang='lat' dir='ltr'><strong>Consilio</strong></span> <span class='ocrx_word' id='word_1_51' title='bbox 335 1004 406 1058; x_wconf 89' lang='lat' dir='ltr'><strong>hanc</strong></span> <span class='ocrx_word' id='word_1_52' title='bbox 420 1021 515 1058; x_wconf 89' lang='lat' dir='ltr'><strong>omnes</strong></span> <span class='ocrx_word' id='word_1_53' title='bbox 530 1005 682 1074; x_wconf 79' lang='lat' dir='ltr'><strong>animisque</strong></span> <span class='ocrx_word' id='word_1_54' title='bbox 696 1006 852 1060; x_wconf 89' lang='lat' dir='ltr'><strong>volentibus</strong></span> <span class='ocrx_word' id='word_1_55' title='bbox 864 1006 960 1060; x_wconf 88' lang='lat' dir='ltr'><strong>urbem</strong></span> 
     </span>
    </p>

    <p class='ocr_par' dir='ltr' id='par_1_9' title="bbox 199 1090 934 1162">
     <span class='ocr_line' id='line_1_10' title="bbox 199 1090 934 1162; baseline 0.005 -19"><span class='ocrx_word' id='word_1_56' title='bbox 199 1091 369 1160; x_wconf 82' lang='lat' dir='ltr'><strong>Adferimur‚</strong></span> <span class='ocrx_word' id='word_1_57' title='bbox 383 1090 455 1160; x_wconf 92' lang='lat' dir='ltr'><strong>pulsi</strong></span> <span class='ocrx_word' id='word_1_58' title='bbox 467 1092 567 1162; x_wconf 85' lang='lat' dir='ltr'><strong>regnis,</strong></span> <span class='ocrx_word' id='word_1_59' title='bbox 581 1108 650 1161; x_wconf 90' lang='lat' dir='ltr'><strong>quae</strong></span> <span class='ocrx_word' id='word_1_60' title='bbox 663 1094 783 1146; x_wconf 84' lang='lat' dir='ltr'><strong>maxima</strong></span> <span class='ocrx_word' id='word_1_61' title='bbox 795 1093 934 1162; x_wconf 88' lang='lat' dir='ltr'><strong>quondam</strong></span> 
     </span>
    </p>

    <p class='ocr_par' dir='ltr' id='par_1_10' title="bbox 198 1178 827 1248">
     <span class='ocr_line' id='line_1_11' title="bbox 198 1178 827 1248; baseline 0.003 -16"><span class='ocrx_word' id='word_1_62' title='bbox 198 1179 331 1232; x_wconf 84' lang='lat' dir='ltr'><strong>Extremo</strong></span> <span class='ocrx_word' id='word_1_63' title='bbox 344 1179 459 1233; x_wconf 87' lang='lat' dir='ltr'><strong>veniens</strong></span> <span class='ocrx_word' id='word_1_64' title='bbox 473 1178 520 1234; x_wconf 81' lang='lat' dir='ltr'><strong>Sol</strong></span> <span class='ocrx_word' id='word_1_65' title='bbox 533 1180 684 1248; x_wconf 79' lang='lat' dir='ltr'><strong>aspiciebat</strong></span> <span class='ocrx_word' id='word_1_66' title='bbox 698 1179 827 1248; x_wconf 89' lang='lat' dir='ltr'><strong>Olympo.</strong></span> 
     </span>
    </p>

    <p class='ocr_par' dir='ltr' id='par_1_11' title="bbox 198 1266 971 1337">
     <span class='ocr_line' id='line_1_12' title="bbox 198 1266 971 1337; baseline 0.003 -17"><span class='ocrx_word' id='word_1_67' title='bbox 198 1267 245 1320; x_wconf 87' lang='lat' dir='ltr'><strong>Ab</strong></span> <span class='ocrx_word' id='word_1_68' title='bbox 257 1266 324 1320; x_wconf 87' lang='lat' dir='ltr'><strong>Iove</strong></span> <span class='ocrx_word' id='word_1_69' title='bbox 338 1267 505 1335; x_wconf 87' lang='lat' dir='ltr'><strong>principium</strong></span> <span class='ocrx_word' id='word_1_70' title='bbox 517 1267 642 1334; x_wconf 79' lang='lat' dir='ltr'><strong>generis3</strong></span> <span class='ocrx_word' id='word_1_71' title='bbox 663 1266 729 1320; x_wconf 87' lang='lat' dir='ltr'><strong>love</strong></span> <span class='ocrx_word' id='word_1_72' title='bbox 741 1267 873 1322; x_wconf 88' lang='lat' dir='ltr'><strong>Dardana</strong></span> <span class='ocrx_word' id='word_1_73' title='bbox 884 1269 971 1337; x_wconf 85' lang='lat' dir='ltr'><strong>pubes</strong></span> 
     </span>
    </p>
   </div>
   <div class='ocr_carea' id='block_1_3' title="bbox 198 1353 935 1951">
    <p class='ocr_par' dir='ltr' id='par_1_12' title="bbox 199 1353 915 1510">
     <span class='ocr_line' id='line_1_13' title="bbox 199 1353 915 1424; baseline 0.001 -17"><span class='ocrx_word' id='word_1_74' title='bbox 199 1353 310 1408; x_wconf 79' lang='lat' dir='ltr'><strong>Gaudet</strong></span> <span class='ocrx_word' id='word_1_75' title='bbox 322 1370 391 1420; x_wconf 81' lang='lat' dir='ltr'><strong>av03</strong></span> <span class='ocrx_word' id='word_1_76' title='bbox 412 1369 461 1407; x_wconf 88' lang='lat' dir='ltr'><strong>rex</strong></span> <span class='ocrx_word' id='word_1_77' title='bbox 473 1353 532 1422; x_wconf 89' lang='lat' dir='ltr'><strong>ipse</strong></span> <span class='ocrx_word' id='word_1_78' title='bbox 544 1353 619 1407; x_wconf 91' lang='lat' dir='ltr'><strong>Iovis</strong></span> <span class='ocrx_word' id='word_1_79' title='bbox 631 1354 666 1408; x_wconf 89' lang='lat' dir='ltr'><strong>de</strong></span> <span class='ocrx_word' id='word_1_80' title='bbox 679 1359 761 1423; x_wconf 86' lang='lat' dir='ltr'><strong>gente</strong></span> <span class='ocrx_word' id='word_1_81' title='bbox 779 1371 915 1424; x_wconf 80' lang='lat' dir='ltr'><strong>suprema,</strong></span> 
     </span>
     <span class='ocr_line' id='line_1_14' title="bbox 199 1441 802 1510; baseline 0.007 -16"><span class='ocrx_word' id='word_1_82' title='bbox 199 1441 296 1495; x_wconf 85' lang='lat' dir='ltr'><strong>Troius</strong></span> <span class='ocrx_word' id='word_1_83' title='bbox 309 1442 426 1510; x_wconf 88' lang='lat' dir='ltr'><strong>Aeneas,</strong></span> <span class='ocrx_word' id='word_1_84' title='bbox 443 1446 491 1496; x_wconf 87' lang='lat' dir='ltr'><strong>tua</strong></span> <span class='ocrx_word' id='word_1_85' title='bbox 503 1459 554 1495; x_wconf 89' lang='lat' dir='ltr'><strong>nos</strong></span> <span class='ocrx_word' id='word_1_86' title='bbox 566 1443 600 1497; x_wconf 91' lang='lat' dir='ltr'><strong>ad</strong></span> <span class='ocrx_word' id='word_1_87' title='bbox 612 1442 708 1498; x_wconf 89' lang='lat' dir='ltr'><strong>limina</strong></span> <span class='ocrx_word' id='word_1_88' title='bbox 719 1444 802 1498; x_wconf 90' lang='lat' dir='ltr'><strong>misit.</strong></span> 
     </span>
    </p>

    <p class='ocr_par' dir='ltr' id='par_1_13' title="bbox 198 1528 935 1951">
     <span class='ocr_line' id='line_1_15' title="bbox 199 1528 819 1598; baseline 0.006 -18"><span class='ocrx_word' id='word_1_89' title='bbox 199 1528 310 1592; x_wconf 79' lang='lat' dir='ltr'><strong>Quanta</strong></span> <span class='ocrx_word' id='word_1_90' title='bbox 323 1544 372 1596; x_wconf 89' lang='lat' dir='ltr'><strong>per</strong></span> <span class='ocrx_word' id='word_1_91' title='bbox 384 1528 482 1582; x_wconf 88' lang='lat' dir='ltr'><strong>Idaeos</strong></span> <span class='ocrx_word' id='word_1_92' title='bbox 495 1530 583 1582; x_wconf 87' lang='lat' dir='ltr'><strong>saevis</strong></span> <span class='ocrx_word' id='word_1_93' title='bbox 596 1530 684 1584; x_wconf 88' lang='lat' dir='ltr'><strong>effusa</strong></span> <span class='ocrx_word' id='word_1_94' title='bbox 695 1531 819 1598; x_wconf 83' lang='lat' dir='ltr'><strong>Mycenis</strong></span> 
     </span>
     <span class='ocr_line' id='line_1_16' title="bbox 199 1614 900 1688; baseline 0.007 -21"><span class='ocrx_word' id='word_1_95' title='bbox 199 1614 357 1683; x_wconf 84' lang='lat' dir='ltr'><strong>Tempestas</strong></span> <span class='ocrx_word' id='word_1_96' title='bbox 370 1615 435 1670; x_wconf 89' lang='lat' dir='ltr'><strong>ierit</strong></span> <span class='ocrx_word' id='word_1_97' title='bbox 447 1633 567 1685; x_wconf 86' lang='lat' dir='ltr'><strong>campos,</strong></span> <span class='ocrx_word' id='word_1_98' title='bbox 583 1618 682 1686; x_wconf 88' lang='lat' dir='ltr'><strong>quibus</strong></span> <span class='ocrx_word' id='word_1_99' title='bbox 694 1627 772 1673; x_wconf 90' lang='lat' dir='ltr'><strong>actus</strong></span> <span class='ocrx_word' id='word_1_100' title='bbox 784 1629 900 1688; x_wconf 90' lang='lat' dir='ltr'><strong>uterque</strong></span> 
     </span>
     <span class='ocr_line' id='line_1_17' title="bbox 199 1702 876 1774; baseline 0.006 -20"><span class='ocrx_word' id='word_1_101' title='bbox 199 1702 327 1770; x_wconf 87' lang='lat' dir='ltr'><strong>Europae</strong></span> <span class='ocrx_word' id='word_1_102' title='bbox 341 1707 423 1771; x_wconf 90' lang='lat' dir='ltr'><strong>atque</strong></span> <span class='ocrx_word' id='word_1_103' title='bbox 436 1703 519 1757; x_wconf 86' lang='lat' dir='ltr'><strong>Asiae</strong></span> <span class='ocrx_word' id='word_1_104' title='bbox 533 1705 596 1758; x_wconf 83' lang='lat' dir='ltr'><strong>fatis</strong></span> <span class='ocrx_word' id='word_1_105' title='bbox 609 1706 780 1760; x_wconf 85' lang='lat' dir='ltr'><strong>concurrerit</strong></span> <span class='ocrx_word' id='word_1_106' title='bbox 793 1707 876 1774; x_wconf 88' lang='lat' dir='ltr'><strong>orbis,</strong></span> 
     </span>
     <span class='ocr_line' id='line_1_18' title="bbox 199 1789 812 1858; baseline 0.011 -17"><span class='ocrx_word' id='word_1_107' title='bbox 199 1789 306 1858; x_wconf 88' lang='lat' dir='ltr'><strong>Audiit,</strong></span> <span class='ocrx_word' id='word_1_108' title='bbox 321 1795 349 1842; x_wconf 90' lang='lat' dir='ltr'><strong>et</strong></span> <span class='ocrx_word' id='word_1_109' title='bbox 361 1790 383 1842; x_wconf 90' lang='lat' dir='ltr'><strong>si</strong></span> <span class='ocrx_word' id='word_1_110' title='bbox 397 1807 477 1858; x_wconf 88' lang='lat' dir='ltr'><strong>quem</strong></span> <span class='ocrx_word' id='word_1_111' title='bbox 490 1792 572 1846; x_wconf 92' lang='lat' dir='ltr'><strong>tellus</strong></span> <span class='ocrx_word' id='word_1_112' title='bbox 585 1798 709 1848; x_wconf 87' lang='lat' dir='ltr'><strong>extrema</strong></span> <span class='ocrx_word' id='word_1_113' title='bbox 720 1795 812 1848; x_wconf 85' lang='lat' dir='ltr'><strong>refuso</strong></span> 
     </span>
     <span class='ocr_line' id='line_1_19' title="bbox 198 1878 935 1951; baseline 0.003 -19"><span class='ocrx_word' id='word_1_114' title='bbox 198 1878 350 1934; x_wconf 82' lang='lat' dir='ltr'><strong>Submovet</strong></span> <span class='ocrx_word' id='word_1_115' title='bbox 363 1880 483 1948; x_wconf 86' lang='lat' dir='ltr'><strong>Oceano,</strong></span> <span class='ocrx_word' id='word_1_116' title='bbox 498 1886 526 1934; x_wconf 92' lang='lat' dir='ltr'><strong>et</strong></span> <span class='ocrx_word' id='word_1_117' title='bbox 539 1882 562 1934; x_wconf 91' lang='lat' dir='ltr'><strong>si</strong></span> <span class='ocrx_word' id='word_1_118' title='bbox 575 1899 654 1950; x_wconf 91' lang='lat' dir='ltr'><strong>quem</strong></span> <span class='ocrx_word' id='word_1_119' title='bbox 669 1886 782 1936; x_wconf 87' lang='lat' dir='ltr'><strong>extenta</strong></span> <span class='ocrx_word' id='word_1_120' title='bbox 792 1881 935 1951; x_wconf 86' lang='lat' dir='ltr'><strong>plagarum</strong></span> 
     </span>
    </p>
   </div>
   <div class='ocr_carea' id='block_1_4' title="bbox 197 1967 1014 3611">
    <p class='ocr_par' dir='ltr' id='par_1_14' title="bbox 199 1967 887 2126">
     <span class='ocr_line' id='line_1_20' title="bbox 200 1967 887 2038; baseline 0.006 -19"><span class='ocrx_word' id='word_1_121' title='bbox 200 1967 338 2032; x_wconf 80' lang='lat' dir='ltr'><strong>Quattuor</strong></span> <span class='ocrx_word' id='word_1_122' title='bbox 350 1968 378 2020; x_wconf 93' lang='lat' dir='ltr'><strong>in</strong></span> <span class='ocrx_word' id='word_1_123' title='bbox 393 1968 484 2021; x_wconf 89' lang='lat' dir='ltr'><strong>medio</strong></span> <span class='ocrx_word' id='word_1_124' title='bbox 497 1969 603 2022; x_wconf 91' lang='lat' dir='ltr'><strong>dirimit</strong></span> <span class='ocrx_word' id='word_1_125' title='bbox 616 1969 695 2038; x_wconf 85' lang='lat' dir='ltr'><strong>plaga</strong></span> <span class='ocrx_word' id='word_1_126' title='bbox 708 1970 779 2023; x_wconf 82' lang='lat' dir='ltr'><strong>Solis</strong></span> <span class='ocrx_word' id='word_1_127' title='bbox 791 1970 887 2038; x_wconf 87' lang='lat' dir='ltr'><strong>iniqui.</strong></span> 
     </span>
     <span class='ocr_line' id='line_1_21' title="bbox 199 2054 840 2126; baseline 0.005 -20"><span class='ocrx_word' id='word_1_128' title='bbox 199 2054 311 2108; x_wconf 91' lang='lat' dir='ltr'><strong>Diluvio</strong></span> <span class='ocrx_word' id='word_1_129' title='bbox 324 2072 358 2108; x_wconf 87' lang='lat' dir='ltr'><strong>ex</strong></span> <span class='ocrx_word' id='word_1_130' title='bbox 371 2055 418 2109; x_wconf 95' lang='lat' dir='ltr'><strong>illo</strong></span> <span class='ocrx_word' id='word_1_131' title='bbox 430 2062 474 2109; x_wconf 87' lang='lat' dir='ltr'><strong>tet</strong></span> <span class='ocrx_word' id='word_1_132' title='bbox 485 2067 565 2110; x_wconf 83' lang='lat' dir='ltr'><strong>vasta</strong></span> <span class='ocrx_word' id='word_1_133' title='bbox 574 2074 624 2125; x_wconf 88' lang='lat' dir='ltr'><strong>per</strong></span> <span class='ocrx_word' id='word_1_134' title='bbox 636 2073 756 2126; x_wconf 88' lang='lat' dir='ltr'><strong>aequora</strong></span> <span class='ocrx_word' id='word_1_135' title='bbox 768 2057 840 2111; x_wconf 84' lang='lat' dir='ltr'><strong>vecti</strong></span> 
     </span>
    </p>

    <p class='ocr_par' dir='ltr' id='par_1_15' title="bbox 198 2145 1005 2478">
     <span class='ocr_line' id='line_1_22' title="bbox 200 2145 877 2216; baseline 0.003 -19"><span class='ocrx_word' id='word_1_136' title='bbox 200 2145 250 2198; x_wconf 88' lang='lat' dir='ltr'><strong>Dis</strong></span> <span class='ocrx_word' id='word_1_137' title='bbox 263 2145 355 2200; x_wconf 84' lang='lat' dir='ltr'><strong>sedem</strong></span> <span class='ocrx_word' id='word_1_138' title='bbox 369 2147 494 2215; x_wconf 81' lang='lat' dir='ltr'><strong>exiguam</strong></span> <span class='ocrx_word' id='word_1_139' title='bbox 508 2147 605 2216; x_wconf 81' lang='lat' dir='ltr'><strong>patriis</strong></span> <span class='ocrx_word' id='word_1_140' title='bbox 618 2147 736 2215; x_wconf 90' lang='lat' dir='ltr'><strong>litusque</strong></span> <span class='ocrx_word' id='word_1_141' title='bbox 749 2163 877 2214; x_wconf 85' lang='lat' dir='ltr'><strong>rogamus</strong></span> 
     </span>
     <span class='ocr_line' id='line_1_23' title="bbox 198 2233 1005 2303; baseline 0.002 -18"><span class='ocrx_word' id='word_1_142' title='bbox 198 2233 351 2288; x_wconf 90' lang='lat' dir='ltr'><strong>Innocuum</strong></span> <span class='ocrx_word' id='word_1_143' title='bbox 365 2239 393 2288; x_wconf 89' lang='lat' dir='ltr'><strong>et</strong></span> <span class='ocrx_word' id='word_1_144' title='bbox 405 2234 511 2289; x_wconf 89' lang='lat' dir='ltr'><strong>cunctis</strong></span> <span class='ocrx_word' id='word_1_145' title='bbox 524 2234 679 2303; x_wconf 90' lang='lat' dir='ltr'><strong>undamque</strong></span> <span class='ocrx_word' id='word_1_146' title='bbox 693 2251 843 2302; x_wconf 85' lang='lat' dir='ltr'><strong>auramque</strong></span> <span class='ocrx_word' id='word_1_147' title='bbox 855 2237 1005 2302; x_wconf 86' lang='lat' dir='ltr'><strong>patentem.</strong></span> 
     </span>
     <span class='ocr_line' id='line_1_24' title="bbox 199 2320 929 2390; baseline -0.004 -15"><span class='ocrx_word' id='word_1_148' title='bbox 199 2320 264 2375; x_wconf 88' lang='lat' dir='ltr'><strong>Non</strong></span> <span class='ocrx_word' id='word_1_149' title='bbox 277 2322 379 2375; x_wconf 90' lang='lat' dir='ltr'><strong>erimus</strong></span> <span class='ocrx_word' id='word_1_150' title='bbox 393 2339 479 2390; x_wconf 81' lang='lat' dir='ltr'><strong>regno</strong></span> <span class='ocrx_word' id='word_1_151' title='bbox 490 2321 640 2389; x_wconf 82' lang='lat' dir='ltr'><strong>indecores,</strong></span> <span class='ocrx_word' id='word_1_152' title='bbox 655 2338 707 2375; x_wconf 90' lang='lat' dir='ltr'><strong>nec</strong></span> <span class='ocrx_word' id='word_1_153' title='bbox 720 2326 811 2375; x_wconf 88' lang='lat' dir='ltr'><strong>vestra</strong></span> <span class='ocrx_word' id='word_1_154' title='bbox 822 2321 929 2374; x_wconf 83' lang='lat' dir='ltr'><strong>feretur</strong></span> 
     </span>
     <span class='ocr_line' id='line_1_25' title="bbox 198 2409 850 2478; baseline -0.002 -16"><span class='ocrx_word' id='word_1_155' title='bbox 198 2409 284 2464; x_wconf 84' lang='lat' dir='ltr'><strong>Fama</strong></span> <span class='ocrx_word' id='word_1_156' title='bbox 296 2410 371 2473; x_wconf 83' lang='lat' dir='ltr'><strong>levis,</strong></span> <span class='ocrx_word' id='word_1_157' title='bbox 386 2410 513 2478; x_wconf 89' lang='lat' dir='ltr'><strong>tantique</strong></span> <span class='ocrx_word' id='word_1_158' title='bbox 527 2409 666 2464; x_wconf 87' lang='lat' dir='ltr'><strong>abolescet</strong></span> <span class='ocrx_word' id='word_1_159' title='bbox 678 2409 767 2477; x_wconf 82' lang='lat' dir='ltr'><strong>gratia</strong></span> <span class='ocrx_word' id='word_1_160' title='bbox 778 2409 850 2473; x_wconf 80' lang='lat' dir='ltr'><strong>facti,</strong></span> 
     </span>
    </p>

    <p class='ocr_par' dir='ltr' id='par_1_16' title="bbox 198 2495 933 2654">
     <span class='ocr_line' id='line_1_26' title="bbox 198 2495 933 2566; baseline -0.003 -16"><span class='ocrx_word' id='word_1_161' title='bbox 198 2497 257 2550; x_wconf 86' lang='lat' dir='ltr'><strong>Nec</strong></span> <span class='ocrx_word' id='word_1_162' title='bbox 271 2498 380 2550; x_wconf 90' lang='lat' dir='ltr'><strong>Troiam</strong></span> <span class='ocrx_word' id='word_1_163' title='bbox 395 2499 535 2551; x_wconf 85' lang='lat' dir='ltr'><strong>Ausonios</strong></span> <span class='ocrx_word' id='word_1_164' title='bbox 547 2499 652 2566; x_wconf 87' lang='lat' dir='ltr'><strong>gremio</strong></span> <span class='ocrx_word' id='word_1_165' title='bbox 666 2497 804 2565; x_wconf 84' lang='lat' dir='ltr'><strong>excepisse</strong></span> <span class='ocrx_word' id='word_1_166' title='bbox 819 2495 933 2564; x_wconf 84' lang='lat' dir='ltr'><strong>pigebit.</strong></span> 
     </span>
     <span class='ocr_line' id='line_1_27' title="bbox 198 2584 885 2654; baseline -0.003 -17"><span class='ocrx_word' id='word_1_167' title='bbox 198 2584 267 2638; x_wconf 86' lang='lat' dir='ltr'><strong>Fata</strong></span> <span class='ocrx_word' id='word_1_168' title='bbox 279 2601 330 2652; x_wconf 90' lang='lat' dir='ltr'><strong>per</strong></span> <span class='ocrx_word' id='word_1_169' title='bbox 344 2585 455 2639; x_wconf 85' lang='lat' dir='ltr'><strong>Aeneae</strong></span> <span class='ocrx_word' id='word_1_170' title='bbox 468 2586 529 2640; x_wconf 89' lang='lat' dir='ltr'><strong>iuro</strong></span> <span class='ocrx_word' id='word_1_171' title='bbox 540 2585 721 2654; x_wconf 80' lang='lat' dir='ltr'><strong>dextramque</strong></span> <span class='ocrx_word' id='word_1_172' title='bbox 734 2589 885 2654; x_wconf 88' lang='lat' dir='ltr'><strong>potentem,</strong></span> 
     </span>
    </p>

    <p class='ocr_par' dir='ltr' id='par_1_17' title="bbox 199 2670 902 2742">
     <span class='ocr_line' id='line_1_28' title="bbox 199 2670 902 2742; baseline 0.003 -18"><span class='ocrx_word' id='word_1_173' title='bbox 199 2670 263 2724; x_wconf 82' lang='lat' dir='ltr'><strong>Sive</strong></span> <span class='ocrx_word' id='word_1_174' title='bbox 276 2670 330 2725; x_wconf 89' lang='lat' dir='ltr'><strong>fide</strong></span> <span class='ocrx_word' id='word_1_175' title='bbox 343 2688 391 2725; x_wconf 89' lang='lat' dir='ltr'><strong>seu</strong></span> <span class='ocrx_word' id='word_1_176' title='bbox 406 2672 466 2740; x_wconf 90' lang='lat' dir='ltr'><strong>quis</strong></span> <span class='ocrx_word' id='word_1_177' title='bbox 478 2672 552 2726; x_wconf 91' lang='lat' dir='ltr'><strong>bello</strong></span> <span class='ocrx_word' id='word_1_178' title='bbox 566 2679 607 2726; x_wconf 90' lang='lat' dir='ltr'><strong>est</strong></span> <span class='ocrx_word' id='word_1_179' title='bbox 620 2680 748 2742; x_wconf 84' lang='lat' dir='ltr'><strong>expertus</strong></span> <span class='ocrx_word' id='word_1_180' title='bbox 762 2677 790 2726; x_wconf 88' lang='lat' dir='ltr'><strong>et</strong></span> <span class='ocrx_word' id='word_1_181' title='bbox 802 2671 902 2726; x_wconf 86' lang='lat' dir='ltr'><strong>armis:</strong></span> 
     </span>
    </p>

    <p class='ocr_par' dir='ltr' id='par_1_18' title="bbox 198 2757 952 2916">
     <span class='ocr_line' id='line_1_29' title="bbox 198 2757 936 2828; baseline 0.001 -18"><span class='ocrx_word' id='word_1_182' title='bbox 198 2757 279 2811; x_wconf 89' lang='lat' dir='ltr'><strong>Multi</strong></span> <span class='ocrx_word' id='word_1_183' title='bbox 292 2775 343 2812; x_wconf 91' lang='lat' dir='ltr'><strong>nos</strong></span> <span class='ocrx_word' id='word_1_184' title='bbox 355 2759 458 2827; x_wconf 86' lang='lat' dir='ltr'><strong>populi,</strong></span> <span class='ocrx_word' id='word_1_185' title='bbox 475 2760 648 2814; x_wconf 86' lang='lat' dir='ltr'><strong>multae—ne</strong></span> <span class='ocrx_word' id='word_1_186' title='bbox 659 2766 760 2824; x_wconf 78' lang='lat' dir='ltr'><strong>temne,</strong></span> <span class='ocrx_word' id='word_1_187' title='bbox 776 2760 850 2828; x_wconf 91' lang='lat' dir='ltr'><strong>quod</strong></span> <span class='ocrx_word' id='word_1_188' title='bbox 861 2759 936 2812; x_wconf 91' lang='lat' dir='ltr'><strong>ultro</strong></span> 
     </span>
     <span class='ocr_line' id='line_1_30' title="bbox 198 2844 952 2916; baseline 0.003 -19"><span class='ocrx_word' id='word_1_189' title='bbox 198 2844 386 2899; x_wconf 85' lang='lat' dir='ltr'><strong>Praeferimus</strong></span> <span class='ocrx_word' id='word_1_190' title='bbox 398 2847 525 2900; x_wconf 88' lang='lat' dir='ltr'><strong>manibus</strong></span> <span class='ocrx_word' id='word_1_191' title='bbox 539 2847 623 2902; x_wconf 86' lang='lat' dir='ltr'><strong>vittas</strong></span> <span class='ocrx_word' id='word_1_192' title='bbox 635 2864 667 2901; x_wconf 88' lang='lat' dir='ltr'><strong>ac</strong></span> <span class='ocrx_word' id='word_1_193' title='bbox 679 2848 764 2901; x_wconf 88' lang='lat' dir='ltr'><strong>verba</strong></span> <span class='ocrx_word' id='word_1_194' title='bbox 775 2846 952 2916; x_wconf 88' lang='lat' dir='ltr'><strong>precantia-</strong></span> 
     </span>
    </p>

    <p class='ocr_par' dir='ltr' id='par_1_19' title="bbox 198 2931 866 3004">
     <span class='ocr_line' id='line_1_31' title="bbox 198 2931 866 3004; baseline 0.003 -20"><span class='ocrx_word' id='word_1_195' title='bbox 198 2931 235 2984; x_wconf 85' lang='lat' dir='ltr'><strong>Et</strong></span> <span class='ocrx_word' id='word_1_196' title='bbox 248 2933 352 3000; x_wconf 89' lang='lat' dir='ltr'><strong>petiere</strong></span> <span class='ocrx_word' id='word_1_197' title='bbox 365 2933 417 2986; x_wconf 91' lang='lat' dir='ltr'><strong>sibi</strong></span> <span class='ocrx_word' id='word_1_198' title='bbox 430 2940 459 2987; x_wconf 94' lang='lat' dir='ltr'><strong>et</strong></span> <span class='ocrx_word' id='word_1_199' title='bbox 472 2934 583 2988; x_wconf 87' lang='lat' dir='ltr'><strong>voluere</strong></span> <span class='ocrx_word' id='word_1_200' title='bbox 597 2934 744 3002; x_wconf 85' lang='lat' dir='ltr'><strong>adiungere</strong></span> <span class='ocrx_word' id='word_1_201' title='bbox 756 2939 866 3004; x_wconf 86' lang='lat' dir='ltr'><strong>gentes;</strong></span> 
     </span>
    </p>

    <p class='ocr_par' dir='ltr' id='par_1_20' title="bbox 199 3018 860 3090">
     <span class='ocr_line' id='line_1_32' title="bbox 199 3018 860 3090; baseline 0.003 -18"><span class='ocrx_word' id='word_1_202' title='bbox 199 3018 251 3072; x_wconf 82' lang='lat' dir='ltr'><strong>Sed</strong></span> <span class='ocrx_word' id='word_1_203' title='bbox 265 3036 316 3073; x_wconf 90' lang='lat' dir='ltr'><strong>uos</strong></span> <span class='ocrx_word' id='word_1_204' title='bbox 328 3020 388 3074; x_wconf 79' lang='lat' dir='ltr'><strong>fata</strong></span> <span class='ocrx_word' id='word_1_205' title='bbox 401 3021 482 3074; x_wconf 89' lang='lat' dir='ltr'><strong>deum</strong></span> <span class='ocrx_word' id='word_1_206' title='bbox 497 3026 602 3075; x_wconf 88' lang='lat' dir='ltr'><strong>vestras</strong></span> <span class='ocrx_word' id='word_1_207' title='bbox 616 3022 760 3090; x_wconf 87' lang='lat' dir='ltr'><strong>exquirere</strong></span> <span class='ocrx_word' id='word_1_208' title='bbox 772 3027 860 3075; x_wconf 88' lang='lat' dir='ltr'><strong>terras</strong></span> 
     </span>
    </p>

    <p class='ocr_par' dir='ltr' id='par_1_21' title="bbox 198 3105 870 3175">
     <span class='ocr_line' id='line_1_33' title="bbox 198 3105 870 3175; baseline 0.004 -18"><span class='ocrx_word' id='word_1_209' title='bbox 198 3105 324 3174; x_wconf 86' lang='lat' dir='ltr'><strong>imperiis</strong></span> <span class='ocrx_word' id='word_1_210' title='bbox 337 3124 417 3173; x_wconf 77' lang='lat' dir='ltr'><strong>egere</strong></span> <span class='ocrx_word' id='word_1_211' title='bbox 430 3109 493 3161; x_wconf 89' lang='lat' dir='ltr'><strong>suis.</strong></span> <span class='ocrx_word' id='word_1_212' title='bbox 532 3108 605 3162; x_wconf 89' lang='lat' dir='ltr'><strong>Hinc</strong></span> <span class='ocrx_word' id='word_1_213' title='bbox 618 3109 763 3162; x_wconf 88' lang='lat' dir='ltr'><strong>Dardanus</strong></span> <span class='ocrx_word' id='word_1_214' title='bbox 776 3115 870 3175; x_wconf 80' lang='lat' dir='ltr'><strong>ortus3</strong></span> 
     </span>
    </p>

    <p class='ocr_par' dir='ltr' id='par_1_22' title="bbox 197 3192 1014 3438">
     <span class='ocr_line' id='line_1_34' title="bbox 198 3192 921 3264; baseline 0.003 -20"><span class='ocrx_word' id='word_1_215' title='bbox 198 3192 262 3245; x_wconf 92' lang='lat' dir='ltr'><strong>Huc</strong></span> <span class='ocrx_word' id='word_1_216' title='bbox 275 3194 389 3261; x_wconf 85' lang='lat' dir='ltr'><strong>repetit;</strong></span> <span class='ocrx_word' id='word_1_217' title='bbox 409 3194 542 3263; x_wconf 84' lang='lat' dir='ltr'><strong>iussisque</strong></span> <span class='ocrx_word' id='word_1_218' title='bbox 555 3196 713 3263; x_wconf 82' lang='lat' dir='ltr'><strong>ingentibus</strong></span> <span class='ocrx_word' id='word_1_219' title='bbox 725 3201 805 3264; x_wconf 85' lang='lat' dir='ltr'><strong>urget</strong></span> <span class='ocrx_word' id='word_1_220' title='bbox 819 3194 921 3263; x_wconf 83' lang='lat' dir='ltr'><strong>Apollo</strong></span> 
     </span>
     <span class='ocr_line' id='line_1_35' title="bbox 197 3277 1014 3348; baseline 0.007 -18"><span class='ocrx_word' id='word_1_221' title='bbox 197 3277 369 3346; x_wconf 85' lang='lat' dir='ltr'><strong>Tyrrhenum</strong></span> <span class='ocrx_word' id='word_1_222' title='bbox 385 3280 419 3333; x_wconf 89' lang='lat' dir='ltr'><strong>ad</strong></span> <span class='ocrx_word' id='word_1_223' title='bbox 432 3280 563 3348; x_wconf 79' lang='lat' dir='ltr'><strong>Th5brim</strong></span> <span class='ocrx_word' id='word_1_224' title='bbox 579 3294 607 3336; x_wconf 88' lang='lat' dir='ltr'><strong>et</strong></span> <span class='ocrx_word' id='word_1_225' title='bbox 619 3283 707 3336; x_wconf 81' lang='lat' dir='ltr'><strong>fontis</strong></span> <span class='ocrx_word' id='word_1_226' title='bbox 720 3283 790 3336; x_wconf 88' lang='lat' dir='ltr'><strong>vada</strong></span> <span class='ocrx_word' id='word_1_227' title='bbox 803 3298 881 3336; x_wconf 84' lang='lat' dir='ltr'><strong>sacra</strong></span> <span class='ocrx_word' id='word_1_228' title='bbox 894 3279 1014 3336; x_wconf 82' lang='lat' dir='ltr'><strong>Numici.</strong></span> 
     </span>
     <span class='ocr_line' id='line_1_36' title="bbox 198 3365 840 3438; baseline 0.005 -20"><span class='ocrx_word' id='word_1_229' title='bbox 198 3365 253 3419; x_wconf 89' lang='lat' dir='ltr'><strong>Dat</strong></span> <span class='ocrx_word' id='word_1_230' title='bbox 266 3366 318 3419; x_wconf 93' lang='lat' dir='ltr'><strong>tibi</strong></span> <span class='ocrx_word' id='word_1_231' title='bbox 331 3372 474 3434; x_wconf 87' lang='lat' dir='ltr'><strong>praetcrea</strong></span> <span class='ocrx_word' id='word_1_232' title='bbox 486 3368 626 3422; x_wconf 86' lang='lat' dir='ltr'><strong>Fortunae</strong></span> <span class='ocrx_word' id='word_1_233' title='bbox 640 3385 726 3437; x_wconf 89' lang='lat' dir='ltr'><strong>parva</strong></span> <span class='ocrx_word' id='word_1_234' title='bbox 739 3370 840 3438; x_wconf 86' lang='lat' dir='ltr'><strong>prioris</strong></span> 
     </span>
    </p>

    <p class='ocr_par' dir='ltr' id='par_1_23' title="bbox 197 3452 879 3524">
     <span class='ocr_line' id='line_1_37' title="bbox 197 3452 879 3524; baseline 0.004 -18"><span class='ocrx_word' id='word_1_235' title='bbox 197 3453 319 3519; x_wconf 78' lang='lat' dir='ltr'><strong>Munera,</strong></span> <span class='ocrx_word' id='word_1_236' title='bbox 335 3452 463 3522; x_wconf 88' lang='lat' dir='ltr'><strong>reliquias</strong></span> <span class='ocrx_word' id='word_1_237' title='bbox 476 3453 557 3508; x_wconf 86' lang='lat' dir='ltr'><strong>Troia</strong></span> <span class='ocrx_word' id='word_1_238' title='bbox 570 3472 604 3509; x_wconf 88' lang='lat' dir='ltr'><strong>ex</strong></span> <span class='ocrx_word' id='word_1_239' title='bbox 618 3455 732 3510; x_wconf 89' lang='lat' dir='ltr'><strong>ardente</strong></span> <span class='ocrx_word' id='word_1_240' title='bbox 746 3466 879 3524; x_wconf 88' lang='lat' dir='ltr'><strong>receptas.</strong></span> 
     </span>
    </p>

    <p class='ocr_par' dir='ltr' id='par_1_24' title="bbox 198 3539 829 3611">
     <span class='ocr_line' id='line_1_38' title="bbox 198 3539 829 3611; baseline 0.01 -21"><span class='ocrx_word' id='word_1_241' title='bbox 198 3540 258 3591; x_wconf 86' lang='lat' dir='ltr'><strong>lloe</strong></span> <span class='ocrx_word' id='word_1_242' title='bbox 271 3546 349 3606; x_wconf 89' lang='lat' dir='ltr'><strong>pater</strong></span> <span class='ocrx_word' id='word_1_243' title='bbox 363 3539 496 3593; x_wconf 88' lang='lat' dir='ltr'><strong>Anchises</strong></span> <span class='ocrx_word' id='word_1_244' title='bbox 509 3557 576 3594; x_wconf 89' lang='lat' dir='ltr'><strong>auro</strong></span> <span class='ocrx_word' id='word_1_245' title='bbox 588 3542 693 3596; x_wconf 88' lang='lat' dir='ltr'><strong>libabat</strong></span> <span class='ocrx_word' id='word_1_246' title='bbox 705 3543 739 3596; x_wconf 88' lang='lat' dir='ltr'><strong>ad</strong></span> <span class='ocrx_word' id='word_1_247' title='bbox 753 3559 829 3611; x_wconf 80' lang='lat' dir='ltr'><strong>aras3</strong></span> 
     </span>
    </p>
   </div>
   <div class='ocr_carea' id='block_1_5' title="bbox 0 0 1358 3938">
    <p class='ocr_par' dir='ltr' id='par_1_25' title="bbox 0 0 1358 3938">
     <span class='ocr_line' id='line_1_39' title="bbox 0 0 1358 3938; baseline 0 0"><span class='ocrx_word' id='word_1_248' title='bbox 0 0 1358 3938; x_wconf 95' lang='lat' dir='ltr'><strong> </strong></span> 
     </span>
    </p>
   </div>
  </div>
 </body>
</html>
