2730 3936
435 200 574 273 varrum
597 201 788 249 GEORGIGON
812 201 858 251 111.

164 363 221 417 Sed
233 364 304 432 fugit
316 364 431 431 interea,
447 364 520 431 fugit
532 363 714 432 inreparabile
727 369 844 432 tempus,

131 451 246 518 Singula
258 451 323 503 dum
337 451 409 519 capti
424 451 672 504 circumvectamur
685 467 788 504 eruore.

131 537 192 591 Hoc
205 538 272 591 satis
284 539 432 591 armentis:
454 543 565 606 superat
577 554 642 606 pars
655 537 742 592 altera
755 555 844 600 curae.

131 625 282 693 Lanigeros
295 625 401 693 agit-are
413 641 510 693 greges
520 625 662 693 hirtasque
676 625 802 694 capellas.

132 713 185 766 Hic
197 713 283 779 labor,
298 712 363 765 hinc
375 712 486 765 laudem
498 713 587 766 fortes
599 717 708 780 sperate
721 713 821 766 coloni.

133 799 192 853 Nec
205 817 266 852 sum
278 800 363 852 animi
376 799 483 867 dubius,
499 799 591 854 verbis
604 815 638 852 ea
649 799 760 853 vincere
774 816 904 868 magnum

133 887 222 952 Quam
236 887 278 952 sit,
295 892 322 940 et
334 887 457 954 angustis
469 886 543 940 bunc
557 886 658 940 addere
671 887 754 940 rebus
768 887 916 952 bonorem3

133 974 188 1028 Sed
202 991 246 1028 me
258 974 374 1027 Parnasi
387 974 495 1028 deserta
506 989 557 1042 per
571 973 656 1028 ardua
670 973 757 1028 dulcis

132 1063 237 1130 Raptat
249 1078 341 1128 amor;
361 1062 439 1114 iuvat
451 1061 491 1114 ire
503 1061 582 1130 iugis,
597 1077 651 1130 qua
663 1060 738 1115 nulla
749 1062 872 1129 priorum

134 1148 281 1202 Castaliam
295 1148 372 1201 molli
385 1147 539 1202 devertitur
552 1147 644 1201 orbita
658 1147 739 1201 clivo.

133 1235 158 1288 N
163 1252 224 1302 auc,
239 1235 396 1288 veneranda
407 1235 495 1302 Pales,
509 1251 609 1304 magno
622 1251 696 1288 nunc
710 1252 757 1288 ore
770 1235 932 1290 sonandum.

169 1324 308 1390 Incipiens
320 1323 435 1376 stabulis
448 1322 526 1377 edico
539 1323 569 1376 in
582 1321 710 1376 mollibus
724 1323 838 1376 herbam

135 1411 255 1478 (larpere
268 1411 334 1478 ovis,
349 1409 415 1462 dum
428 1427 493 1463 mox
505 1410 638 1464 frondosa
654 1411 796 1463 reducitur
808 1419 904 1479 aestas,

134 1498 171 1550 Et
184 1497 272 1550 multa
283 1497 380 1551 duram
394 1497 495 1565 stipula
506 1495 662 1565 filicumque
676 1496 803 1565 maniplis

134 1585 265 1638 Sternere
276 1585 371 1638 subter
384 1585 506 1652 humum,
521 1584 620 1652 glacies
631 1601 666 1637 ne
678 1583 780 1652 frigida
791 1584 884 1638 laedat

134 1673 216 1726 Molle
229 1689 320 1741 pecus,
334 1673 509 1741 scabiemque
521 1673 595 1726 ferat
608 1671 750 1740 turpisque
763 1672 908 1740 podagras.

134 1760 203 1814 Post
214 1761 279 1815 hinc
292 1761 429 1829 digressus
442 1761 524 1814 iubeo
536 1760 696 1813 frondentia
710 1759 800 1828 capris

134 1848 244 1901 Arbuta
257 1847 380 1901 sufficere
393 1852 421 1900 et
433 1847 532 1901 fluvios
546 1847 677 1916 praebere
691 1847 818 1913 recentis,

132 1934 170 1987 Et
182 1934 292 1988 stabula
304 1951 320 1988 a
332 1935 423 1988 ventis
435 1934 553 1988 hiberno
565 1951 706 2002 opponere
720 1935 770 1988 soli

132 2022 180 2075 Ad
192 2021 313 2074 medium
327 2038 460 2076 conversa
472 2021 554 2088 diem,
570 2037 632 2075 cum
644 2022 763 2090 frigidus
778 2022 843 2076 olim

132 2108 192 2162 lam
205 2109 279 2162 cadit
291 2114 468 2177 extremoque
480 2108 587 2162 inrorat
601 2108 741 2178 Aquarius
754 2125 836 2163 anno.

131 2195 193 2250 Hae
206 2212 316 2264 quoque
329 2212 384 2250 non
396 2213 463 2250 cura
474 2196 554 2249 nobis
566 2195 670 2250 leviore
683 2196 810 2264 tuendae,

130 2283 158 2336 N
160 2301 192 2337 ec
204 2284 298 2336 minor
309 2301 373 2337 usus
386 2284 446 2352 erit,
461 2285 587 2353 quamvis
599 2285 708 2341 Milesia
718 2303 821 2354 magno

131 2371 247 2424 Vellera
259 2376 402 2424 mutentur
413 2371 511 2438 Tyrios
523 2372 633 2427 incocta
646 2374 774 2428 rubores:

129 2458 250 2512 Deueior
263 2458 328 2512 hinc
341 2459 458 2527 suboles,
473 2459 539 2512 binc
552 2459 620 2529 lar'gi
637 2461 716 2529 copia
728 2461 822 2528 lactis3

130 2546 221 2611 Quam
234 2546 322 2614 magis
335 2545 469 2600 exhausto
482 2548 650 2614 spumaverit
664 2549 749 2602 ubere
761 2547 887 2616 mulctra,

129 2632 216 2687 Laeta
226 2635 316 2701 magis
328 2634 428 2701 pressis
441 2635 593 2690 manabunt
607 2636 721 2690 flumina
733 2636 869 2690 mammis.

129 2719 190 2773 Nec
203 2721 294 2774 minus
305 2721 412 2774 interea
424 2720 524 2775 barbas
537 2723 689 2791 incanaque
702 2729 797 2776 menta

130 2806 263 2876 Cinyphii
275 2807 395 2861 tondent
406 2807 477 2862 hirci
492 2817 634 2877 saetasque
650 2811 785 2864 comantis

130 2895 217 2947 Usum
229 2895 259 2946 in
272 2900 426 2948 castrorum
441 2900 469 2948 et
482 2896 589 2949 miseris
602 2896 741 2951 velamina
753 2897 852 2951 nautis.

129 2980 285 3034 Pascuntur
298 2998 364 3035 vero
377 2982 460 3036 silvas
473 2986 501 3036 et
516 2999 622 3037 summa
635 2983 743 3051 Lycaei,

131 3066 331 3138 Horrentisque
343 3069 428 3122 rubos
442 3073 469 3122 et
483 3071 601 3124 amantis
614 3070 700 3124 ardua
712 3072 824 3138 dumos;

131 3157 223 3225 Atque
235 3157 312 3225 ipsae
325 3172 462 3210 memores
476 3155 592 3210 redeunt
604 3158 633 3210 in
647 3162 728 3226 tecta,
743 3175 859 3227 suosque

131 3242 248 3312 Ducunt,
263 3248 292 3297 et
305 3243 422 3312 gravido
436 3249 566 3311 superant
579 3243 626 3296 vix
639 3245 724 3299 ubere
737 3245 830 3299 limen.

130 3329 203 3398 Ergo
216 3331 292 3385 omni
305 3331 399 3385 studio
412 3330 528 3398 glaciem
542 3337 693 3400 ventosque
707 3332 813 3400 nivalis,

132 3416 193 3482 Quo
203 3420 295 3472 minor
308 3424 351 3472 est
362 3417 419 3470 illis
431 3432 513 3471 curae
526 3418 649 3472 mortalis
661 3424 775 3487 egestas,

132 3504 256 3576 Avertes,
271 3507 433 3572 victumque
445 3505 519 3557 feres
531 3511 559 3558 et
573 3506 666 3574 virgea
678 3507 767 3560 laetus
