2656 3940
515 212 654 262 vnucttt
677 211 841 261 Atuatuca
863 210 907 261 IL

201 375 358 446 Oppetiisse
369 377 439 443 tuis3
460 375 577 444 primam
590 375 662 428 hanc
674 374 726 428 tibi
740 390 856 442 magnus
871 372 975 442 Apollo

200 463 334 517 (loncedit
346 463 466 532 laudern,
482 468 510 516 et
524 463 635 532 paribus
647 478 703 516 non
716 461 823 515 invidet
836 461 935 528 armis,

201 550 300 604 (latera
314 567 402 619 parce,
416 567 492 619 puer,
508 549 608 604 bello,'’
646 549 690 603 Sic
704 566 782 603 orsus
795 548 899 617 Apollo

200 636 324 691 Mortalis
336 637 428 690 medio
441 643 568 706 aspectus
582 653 707 690 sermone
721 636 840 704 reliquit,

199 725 236 779 Et
247 724 345 794 procul
357 725 384 776 in
399 730 512 778 tenuem
526 741 559 777 ex
573 724 659 778 oculis
673 724 785 778 evanuit
798 739 903 777 auram.

200 813 349 880 Agnovere
362 812 444 865 deum
457 827 586 880 proceres
598 811 746 880 divinaque
758 811 814 864 tela

199 899 383 967 Dardanidae,
399 899 611 968 pharetramque
623 900 691 967 iuga
704 915 812 952 sensere
826 905 978 952 sonantem.

198 986 273 1055 Ergo
286 987 397 1039 avidum
410 1003 520 1056 pugnae
533 987 615 1040 dictis
628 1003 660 1040 ac
673 986 787 1039 numine
799 985 904 1038 Phoebi

199 1075 350 1128 Ascanium
362 1075 529 1143 prohibent,
550 1074 602 1142 ipsi
615 1075 645 1126 in
659 1074 813 1128 certamina
825 1090 918 1126 rursus

199 1162 362 1226 Succedunt.¹
379 1163 538 1230 animasque
550 1162 579 1214 in
593 1165 690 1228 aperta
703 1153 827 1230 pericula
839 1161 961 1214 mittunt.

197 1249 226 1303 It
238 1249 341 1303 clamor
354 1250 422 1302 totis
436 1266 485 1317 per
498 1249 706 1317 propugnacula
718 1249 822 1312 muris;

199 1336 354 1390 lntendunt
367 1336 437 1390 acris
447 1353 535 1404 arcus,
551 1342 716 1404 amentaque
730 1341 870 1404 torquent.

198 1423 339 1477 Sternitur
352 1440 433 1477 omne
446 1424 534 1477 solum
547 1423 624 1491 telis,
646 1429 705 1477 turn
717 1428 795 1476 scuta
808 1439 947 1491 cavaeque

197 1509 273 1564 Dant
286 1512 405 1564 sonitum
419 1510 496 1564 flictu
509 1510 617 1578 galeae,
639 1527 731 1578 pugna
744 1527 840 1578 aspera
852 1510 955 1578 surgit:

198 1596 324 1662 Quantus
336 1599 371 1652 ab
384 1614 484 1652 occasu
498 1599 612 1652 veniens
625 1597 790 1666 pluvialibus
804 1597 907 1651 Haedis

198 1685 337 1740 Verberat
349 1686 438 1739 imber
450 1686 580 1749 huurum;
602 1702 682 1754 quam
697 1686 784 1740 multa
796 1685 930 1754 grandine
943 1685 1030 1739 nimbi

198 1770 231 1824 In
244 1771 317 1825 vada
329 1773 520 1841 praecipitant,
532 1790 595 1826 cam
609 1773 733 1842 Iuppiter
746 1772 876 1826 horridus
889 1773 988 1825 austris

198 1859 319 1928 Torquet
332 1876 462 1929 aquosam
476 1860 595 1914 hiemem
608 1866 636 1914 et
648 1860 724 1914 caclo
737 1843 805 1914 cav'a
819 1858 913 1913 nubila
926 1859 1038 1928 rumpit.

232 1947 375 2001 Pandarus
388 1953 416 2000 et
431 1946 525 2016 Bitias,
539 1947 624 2001 Idaeo
636 1947 775 2002 Alcanore
788 1947 865 2016 creti,

198 2034 273 2100 Quos
286 2034 359 2088 Iovis
371 2034 468 2088 eduxit
479 2034 543 2088 luco
558 2035 691 2088 silvestris
702 2035 790 2101 Iaera,

197 2122 346 2176 Abietibus
358 2122 472 2175 iuvenes
485 2122 581 2190 patriis
593 2133 621 2176 et
633 2123 774 2176 montibus
787 2139 896 2192 aequos,

198 2210 322 2278 Portam,
335 2226 404 2278 quae
416 2208 493 2262 ducis
505 2209 623 2277 imperio
636 2211 789 2276 commissa,
804 2210 959 2277 recludunt,

196 2296 271 2350 Freti
284 2297 375 2365 armis,
389 2296 517 2365 ultroque
530 2296 651 2350 invitant
663 2299 807 2352 moenibus
816 2298 932 2351 hostem.

196 2383 253 2452 Ipsi
266 2384 341 2437 intus
353 2383 451 2436 dextra
464 2400 496 2436 ac
508 2383 587 2437 laeva
600 2401 650 2452 pro
663 2386 786 2439 turribus
798 2390 897 2453 astant,

196 2471 308 2524 Armati
320 2471 393 2524 ferro
408 2475 435 2523 et
448 2471 539 2524 cristis
552 2471 643 2539 capita
655 2472 711 2526 alta
724 2473 844 2526 corusci:

197 2557 298 2622 Quales
312 2557 401 2610 aeriae
414 2557 548 2626 liquentia
559 2557 674 2612 flumina
688 2560 799 2626 circum,

196 2644 260 2697 Sive
273 2644 340 2698 Padi
355 2644 430 2712 ripis,
446 2644 573 2698 Athesim
589 2661 638 2699 seu
651 2653 766 2715 propter
780 2663 937 2715 amoenum,

196 2731 373 2800 Consurgunt
386 2732 511 2799 geminae
526 2749 642 2801 quercus
655 2735 819 2803 intonsaque
834 2734 910 2788 caelo

195 2818 339 2872 Attollunt
352 2820 444 2886 capita
457 2824 485 2872 et
498 2820 607 2874 sublimi
622 2822 725 2875 vertice
739 2827 847 2875 nutant.

195 2907 370 2976 inrumpunt,
385 2906 476 2960 aditus
488 2907 583 2961 Rutuli
597 2913 629 2961 ut
640 2909 733 2962 vidcra
746 2909 875 2978 patentis.

195 2996 336 3049 Continuo
350 2995 491 3060 Quercens
503 3000 532 3048 et
546 2995 660 3063 pulcher
673 2996 827 3064 Aquicolus
840 2995 922 3050 armis

194 3083 231 3135 Et
243 3098 376 3150 praeceps
389 3081 475 3134 animi
485 3081 600 3134 Tmarus
618 3088 645 3134 ct
658 3081 812 3136 Mavortius
825 3083 950 3136 Haemon

194 3168 362 3234 Agminibus
374 3169 442 3222 totis
454 3174 503 3221 aut
516 3169 588 3221 versi
603 3177 681 3238 terga
693 3169 800 3238 dedere,

194 3255 255 3308 Aut
266 3256 327 3324 ipsc
340 3261 438 3324 portae
451 3271 566 3324 posuere
579 3256 608 3309 in
621 3254 715 3310 limine
731 3258 824 3310 vitam.

195 3341 264 3394 Tum
277 3342 365 3409 magis
378 3342 534 3396 increscunt
547 3343 646 3396 animis
658 3343 829 3398 discordibus
840 3345 914 3410 ira03

194 3428 296 3481 Etiam
310 3428 419 3481 collecti
432 3429 516 3481 Troes
529 3429 719 3496 glomerantur
732 3432 837 3491 eodem,

195 3514 234 3568 llt
246 3515 373 3568 conferre
386 3531 498 3568 manum
512 3521 540 3568 et
553 3533 714 3584 procurrere
727 3519 836 3586 longius
849 3519 960 3573 audent.
