2706 3938
542 221 680 269 VERGILI
702 221 867 270 AENEIDOS
889 221 948 270 VII.

236 382 281 436 Sic
294 378 394 437 deinde
406 383 505 436 effatus
517 381 661 436 frondenti
673 392 800 450 tempora
812 399 889 436 ramo

235 468 370 538 Implicat‚
386 474 414 522 et
427 469 600 537 Geniumque
613 469 667 522 loci
679 470 850 537 primamque
862 470 979 524 deornm

235 554 372 608 Tellurem
385 555 583 624 Nymphaeque
596 560 624 608 et
636 555 725 609 adhuc
737 557 832 623 ignota
844 562 974 624 precatur

234 641 369 710 Flumina,
384 648 445 694 tum
457 642 577 696 Noctem
591 641 743 710 Noctisque
756 642 874 696 orientia
886 643 970 712 Signa

234 728 400 797 Idaeumque
415 728 510 782 Iovem
524 728 727 796 Phrygiamque
739 745 774 782 ex
787 729 884 782 ordine
896 729 1015 784 Matrem

235 815 356 884 Invocat,
371 822 400 869 et
412 816 529 885 duplicis
542 815 679 885 Caeloque
691 817 987 886 Ereboqueoparentes.

235 903 287 956 Hic
298 909 378 972 pater
392 904 567 972 omnipotens
581 911 623 956 ter
636 903 711 957 caelo
725 905 814 956 clarus
827 904 862 959 ab
875 905 932 958 alto

234 990 367 1058 Intonuit,
382 991 518 1060 radiisque
531 990 674 1044 ardentem
684 991 754 1044 lucie
767 997 794 1045 et
808 1009 875 1046 auro

234 1078 296 1147 Ipse
308 1096 391 1132 manu
406 1079 531 1148 quatiens
543 1079 665 1133 ostendit
678 1080 712 1132 eb
727 1079 838 1134 aethere
851 1082 960 1136 nubem.

169 1231 175 1244 ι
233 1166 346 1220 Diditur
358 1167 404 1220 hic
417 1167 509 1221 subito
521 1166 640 1221 Troiana
653 1184 702 1236 per
716 1169 824 1236 agmina
837 1187 940 1232 rumor,

234 1255 387 1310 Advenisse
399 1254 482 1323 diem,
496 1272 550 1324 qno
564 1254 657 1309 debita
670 1257 780 1310 moenia
793 1258 922 1312 condant.

235 1342 366 1396 Certatim
379 1343 536 1396 instaurant
549 1345 650 1413 epulae,
665 1350 748 1413 atque
761 1345 853 1399 omine
865 1363 967 1415 magno

234 1429 362 1484 Crateras
373 1431 439 1484 laeti
451 1435 576 1483 statuunt
589 1436 617 1484 et
630 1432 694 1486 vina
708 1437 849 1487 coronant

269 1517 384 1570 Postera
396 1534 457 1570 cnm
470 1518 559 1584 prima
571 1517 707 1572 lustrabat
719 1519 845 1587 lampade
857 1527 948 1576 terras

234 1604 303 1658 Orto
315 1605 380 1673 dies,
396 1605 491 1658 urbem
504 1611 533 1658 et
544 1604 610 1658 finis
621 1612 649 1660 et
662 1606 746 1660 litora
757 1607 848 1675 gentis
911 1652 913 1658 ,

233 1691 343 1744 Diversi
356 1691 514 1759 explorant:
535 1692 604 1746 haec
616 1693 702 1746 fontis
719 1699 817 1762 stagna
829 1694 949 1764 Numici,

234 1778 314 1832 Hunc
326 1777 458 1845 Thybrim
470 1779 595 1848 fluvium,
608 1779 654 1834 hio
666 1781 747 1835 fortis
761 1781 886 1835 habitare
899 1782 1019 1837 Latinos.

233 1865 300 1918 Tum
315 1869 390 1919 satus
402 1866 526 1920 Anchisa
538 1867 660 1920 delectus
674 1869 769 1922 ordine
783 1869 818 1922 eh
831 1870 907 1924 omni

233 1952 350 2006 Centum
364 1960 488 2006 oratores
500 1959 616 2021 augusta
628 1955 663 2009 ad
677 1957 785 2010 moenia
798 1957 871 2023 regis

232 2039 277 2092 Ire
289 2039 372 2107 iubet,
387 2041 470 2094 ramis
484 2042 590 2094 velatos
602 2042 723 2098 Palladis
735 2045 832 2111 omniu,

232 2126 366 2195 Donaque
378 2127 449 2180 ferre
462 2127 530 2195 vire,
545 2145 695 2198 pacemque
709 2147 857 2198 exposcere
870 2131 990 2186 Teucris.

234 2214 314 2268 Hand
325 2233 411 2284 mora,
427 2217 561 2270 festinant
574 2217 639 2270 inssi
652 2218 810 2287 rapidisque
822 2219 950 2273 feruutur

231 2301 368 2357 Paseibus.
407 2303 469 2371 lpse
482 2301 578 2357 h'umili
591 2304 715 2372 designat
727 2306 837 2362 moenia
849 2305 931 2372 fossa,

231 2388 398 2459 Moliturque
411 2391 510 2461 locum,
524 2392 681 2460 primasque
693 2393 720 2445 iu
735 2392 817 2447 litore
830 2393 908 2446 sedes

232 2475 391 2531 (lastrorum
403 2479 433 2531 in
446 2496 552 2533 morem
566 2479 658 2548 pinnis
673 2486 755 2548 atque
769 2497 867 2547 aggere
880 2481 974 2548 cingit.

231 2562 344 2633 Iamque
356 2567 409 2620 iter·
422 2568 527 2622 emensi
540 2568 625 2620 turris
638 2584 669 2621 ec
681 2572 757 2622 tecta
768 2567 930 2624 Latinorum

231 2651 328 2707 Ardua
340 2655 489 2709 cemebcnt
502 2656 623 2720 iuvenes,
639 2672 773 2724 muroque
787 2656 924 2712 subibant.

229 2740 307 2794 Ante
320 2742 416 2795 urbem
429 2742 509 2810 pueri
521 2747 549 2795 et
561 2743 702 2810 primaevo
715 2742 783 2796 flore
796 2743 925 2800 iuventus
973 2764 977 2770 ·

229 2827 402 2883 Exercentur
414 2832 497 2898 equis,
512 2830 703 2899 domitantque
717 2831 745 2883 in
760 2832 873 2899 pulvere
886 2847 989 2888 currus

230 2915 288 2969 Aut
301 2917 371 2970 acris
383 2918 501 2970 tendunt
514 2934 599 2985 arcus,
621 2926 668 2971 eut
680 2918 755 2972 lenta
767 2918 877 2972 lacertis

230 3002 340 3071 Spicula
353 3009 546 3073 contorquent,
561 3021 696 3074 cursuque
709 3008 821 3074 ictuque
833 3005 985 3060 lacessunt:

230 3089 300 3142 (lum
313 3099 476 3158 praevectus
489 3108 559 3160 equo
573 3091 699 3158 longaevi
713 3093 785 3160 regis
797 3093 832 3146 ad
845 3093 919 3146 auris
939 3111 942 3116 ·

230 3175 350 3229 Nuntius
362 3178 482 3244 ingentis
494 3179 590 3245 ignota
603 3179 631 3231 in
644 3184 721 3232 veste
734 3184 857 3247 reportat

230 3262 382 3317 Advenisse
395 3265 476 3318 viros.
514 3265 564 3318 Ille
577 3265 651 3318 intra
664 3271 738 3318 tecte
750 3267 845 3320 vocari

230 3348 359 3417 Imperat,
374 3355 402 3402 et
415 3351 483 3403 solio
497 3351 603 3406 medius
615 3351 740 3405 consedit
753 3353 837 3406 avito.

230 3434 341 3486 Tectum
357 3443 510 3503 angustum,
524 3438 628 3504 ingens,
643 3443 753 3492 centnm
767 3439 883 3493 sublime
896 3441 1040 3510 columnis,

230 3519 304 3572 Urbe
318 3521 371 3573 fuit
384 3539 496 3590 summe,
510 3523 654 3578 Laurentis
667 3527 743 3592 regia
752 3526 818 3593 Pici,
