2706 3938
491 215 629 265 VRRGILI
652 216 816 265 ARNRIDOS
838 216 895 265 VII.

189 379 353 446 Consedere,
368 379 452 433 duces
463 378 604 447 pictasque
618 395 702 432 exure
715 379 829 432 carinas.

189 467 342 520 Caelestum
356 467 398 519 vis
410 483 510 534 magna
521 466 606 520 iubet.
644 465 705 518 Rex
717 466 775 534 ipse
788 465 909 534 Latinus,

188 553 226 608 Ni
238 555 303 608 dare
316 554 471 622 coniugium
486 559 514 606 et
527 553 602 606 dicto
616 569 712 622 parere
720 555 833 622 fatetur,

189 641 296 694 Sentiat
309 648 336 694 et
349 641 461 694 tandem
474 639 598 692 Turnum
613 641 772 708 experiatur
781 641 810 693 in
823 642 934 696 armi-‘J’

224 729 277 782 Hie
288 729 403 794 iuvenis,
418 733 509 780 vatem
522 727 652 794 inridens,
667 727 706 780 sio
719 744 782 781 orsa
795 728 913 780 vicissim

189 816 244 870 Ore
257 816 359 869 refert:
382 814 510 867 “Classis
522 814 648 866 invectas
662 814 808 880 Thybridis
820 815 923 868 undam

188 903 261 970 Non,
276 910 307 955 ut
319 918 387 969 rere,
402 918 478 955 meas
491 900 587 968 effugit
600 901 712 953 nuntius
725 902 815 970 auris;

189 990 232 1044 Ne
245 987 338 1042 tantos
350 989 418 1042 mihi
431 987 503 1056 finge
515 993 614 1041 metus.
653 987 712 1041 Nec
724 989 800 1056 regia
812 989 882 1042 lnno

189 1079 337 1131 Immemor
350 1083 391 1130 est
404 1076 505 1144 nostri;

190 1167 243 1220 Sed
256 1171 284 1220 te
299 1165 372 1218 victa
385 1164 438 1217 situ
452 1165 566 1232 verique
579 1164 662 1218 effeta
673 1171 808 1235 senectus,

190 1254 324 1319 Omater,
341 1252 413 1305 curis
425 1252 592 1320 nequiquam
607 1257 724 1318 exercet,
739 1258 767 1306 et
779 1270 857 1308 arma

189 1343 297 1410 Regum
309 1343 383 1393 inter
395 1339 466 1393 iales
478 1343 569 1393 vatem
582 1339 733 1394 formidine
745 1340 824 1395 ludit.

190 1430 264 1484 Cura
277 1429 328 1482 tibi
341 1428 433 1480 divom
449 1426 553 1495 effigies
566 1432 593 1480 et
606 1428 710 1496 templa
722 1429 809 1496 tueri,

189 1517 268 1570 Bella
279 1517 331 1568 viri
344 1531 494 1585 pacemque
507 1520 612 1583 gerant,
628 1515 688 1583 quis
700 1516 772 1570 bella
784 1516 932 1585 gerenda.’'

225 1604 337 1657 Talibus
349 1602 459 1655 Allecto
472 1603 553 1656 dietis
566 1602 668 1655 exarsit
681 1604 708 1654 in
722 1604 784 1657 iras.

191 1692 231 1744 At
242 1691 335 1744 iuveni
349 1690 440 1743 oranti
454 1690 559 1742 subitus
571 1695 676 1742 tremor
689 1699 805 1760 occupat
818 1698 909 1756 artus;

190 1779 343 1847 Deriguere
356 1777 442 1832 oculi:
463 1784 507 1831 tot
518 1777 621 1844 Erinys
633 1778 725 1831 sibilat
738 1778 841 1848 hydris,

191 1867 331 1934 Tantaque
345 1882 373 1918 se
386 1865 471 1919 iacies
483 1865 587 1933 aperit3
608 1871 667 1917 tum
681 1864 807 1919 flammea
818 1872 952 1935 torquens

191 1954 308 2007 Lumina
320 1958 494 2006 cunctantem
508 1957 536 2006 et
550 1955 726 2019 quaerentem
739 1950 831 2005 dicere
842 1953 923 2020 plura

191 2043 330 2112 Reppulit,
345 2056 373 2096 et
386 2041 511 2110 geminos
524 2039 612 2092 erexit
623 2039 744 2092 crinibus
758 2040 862 2109 anguis,

191 2131 371 2198 Verberaque
383 2128 514 2196 insonuit,
525 2127 676 2195 rabidoque
689 2127 756 2179 haec
769 2127 876 2180 addidit
890 2144 953 2181 ore:

193 2219 259 2272 “En
272 2236 323 2287 ego
336 2219 410 2270 vieta
421 2216 483 2284 situ,
498 2231 578 2283 quam
593 2215 650 2266 veri
664 2214 747 2267 effeta
758 2219 884 2266 senectus

191 2308 280 2361 Arma
292 2307 365 2360 inter
378 2321 473 2372 regum
487 2302 558 2356 falsa
570 2301 720 2355 formidine
733 2301 819 2368 ludit;

191 2395 306 2464 Respice
319 2393 449 2448 adhaec:
471 2391 565 2444 adsum
579 2388 702 2442 dirarum
716 2389 750 2442 ab
763 2389 827 2442 sede
840 2405 966 2442 sororum
977 2409 983 2456 3

191 2483 270 2537 Bella
282 2498 364 2534 manu
377 2481 516 2547 letumque
531 2477 625 2546 gero.'’

192 2570 237 2624 Sic
250 2572 335 2625 effata
347 2571 436 2624 facem
450 2569 544 2622 iuveni
559 2567 683 2635 coniecit,
699 2574 727 2621 et
736 2572 797 2621 atro

191 2658 307 2712 Lumine
319 2659 453 2713 fumantis
465 2657 527 2710 fixit
539 2657 589 2710 sub
603 2663 714 2724 pectore
727 2657 828 2711 taedas.

192 2746 247 2800 Olli
260 2763 384 2799 somnum
399 2747 496 2813 ingens
509 2745 613 2812 rumpit
626 2761 719 2812 pavor,
735 2761 849 2812 ossaque
861 2748 890 2796 et
902 2751 978 2796 artus

191 2835 319 2889 Perfudit
332 2839 394 2888 toto
405 2841 555 2902 proruptus
569 2850 685 2902 corpore
698 2833 788 2886 sudor.

192 2923 280 2976 Arma
292 2939 386 2976 emens
398 2922 499 2989 fremit,
514 2938 591 2975 arma
603 2927 666 2974 toro
680 2923 816 2990 tectisque
828 2921 959 2990 requirit,

192 3011 286 3064 Saevit
298 3027 376 3064 amor
388 3009 457 3062 ferri
471 3014 499 3062 et
513 3009 649 3062 scelerata
658 3009 766 3062 insania
778 3009 849 3077 belli,

192 3098 237 3151 Ira
249 3115 346 3166 super:
366 3113 466 3164 magno
479 3096 563 3150 veluti
577 3112 638 3150 cum
652 3096 762 3151 flarnma
774 3113 874 3151 sonore

192 3184 295 3251 Virgea
308 3185 462 3252 suggeritur
474 3185 557 3238 costis
570 3184 701 3239 undantis
714 3187 783 3253 aeni,

191 3271 393 3338 Exsultantque
407 3276 482 3324 cestu
495 3271 603 3331 latices:
624 3272 691 3324 furit
702 3273 778 3326 intus
791 3273 870 3342 aquai

192 3358 323 3412 Fumidus
336 3363 416 3426 atque
430 3358 484 3411 alte
497 3359 600 3426 spumis
613 3359 747 3412 exuberat
756 3361 859 3426 amnis,

193 3443 252 3497 Nec
265 3445 317 3497 iam
331 3461 360 3496 se
373 3445 445 3512 capit
460 3444 548 3509 unda,
570 3446 644 3498 volat
659 3463 745 3514 vapor
759 3452 817 3500 ater
830 3446 866 3500 ad
878 3463 966 3500 auras.

192 3531 266 3598 Ergo
278 3531 332 3584 iter
345 3531 380 3584 ad
393 3547 486 3598 regem
499 3531 605 3599 polluta
618 3548 685 3600 pace
698 3532 826 3586 Latinum
