2706 3938
514 231 653 290 VERGILI
675 231 839 281 anunlbos
861 231 894 282 V.

195 392 332 462 Dederat,
348 393 485 462 viridique
498 393 607 447 advelat
620 402 746 462 tempora
758 393 836 446 lauro
847 413 854 460 ς

194 479 363 549 Muneraque
376 481 405 534 in
418 481 497 534 navis
509 487 609 534 ternos·
617 486 713 549 optare
726 481 859 534 iuvencos

195 567 323 636 Vinaque
336 576 365 622 et
377 569 483 636 argenti
497 584 627 635 magnum
641 567 689 621 dat
702 568 773 622 ferre
786 568 931 623 talentum.

194 654 264 724 Ipsis
276 655 439 724 praecipuos
452 654 613 708 ductoribus
626 654 703 709 addit
717 655 850 710 honores:

194 741 305 795 Victori
318 741 492 809 chlamydem
505 747 638 808 auratam,
654 758 735 809 quam
748 742 865 809 plurima
878 743 983 796 circum

193 827 320 896 Purpura
333 828 484 882 Maeandro
497 829 600 896 duplici
616 819 751 882 Meliboea
764 830 893 897 cucurrit,

194 914 374 984 Intentusque
386 932 455 984 puer
467 917 600 969 frondosa
612 915 703 983 regius
714 915 766 970 Ida

194 1001 306 1056 Velocis
317 1002 406 1056 iaculo
420 1019 517 1056 cervos
530 1019 666 1071 cursuque
681 1003 788 1072 fatigat,

194 1091 277 1153 Acer,
292 1089 432 1143 anhelanti
446 1089 550 1158 similis,
566 1106 646 1158 quem
660 1107 775 1158 praepes
788 1091 822 1144 ab
835 1091 885 1145 Ida

194 1177 344 1231 Sublimem
357 1177 474 1247 pedibus
486 1178 578 1245 rapuit
592 1177 666 1230 Iovis
679 1178 797 1246 armiger
810 1179 904 1246 uncis;

193 1264 334 1332 Longaevi
346 1264 451 1334 palmas
464 1264 631 1332 nequiquam
645 1264 678 1316 ad
693 1264 784 1318 sidera
795 1265 914 1319 tendunt

174 1351 178 1360 ⁴
194 1352 335 1417 Custodes,
350 1353 491 1420 saevitque
505 1368 603 1405 canum
616 1351 733 1405 latratus
744 1352 775 1405 in
788 1369 876 1406 auras.

194 1439 234 1492 At
247 1439 293 1507 qui
306 1439 405 1492 deinde
417 1439 509 1492 locum
524 1439 614 1491 tenuit
627 1439 731 1492 virtute
744 1439 902 1508 secundum,

193 1525 314 1579 Levibus
326 1526 390 1579 huic
402 1527 492 1580 hamis
506 1531 661 1580 consertum
676 1533 797 1594 auroque
809 1527 928 1581 trilicem

193 1612 327 1680 Loricam,
343 1629 424 1680 quam
437 1612 570 1666 Demoleo
584 1613 742 1667 detraxerat
754 1614 813 1682 ipse

194 1700 295 1754 Victor
308 1700 379 1768 apud
393 1700 519 1770 rapidum
532 1699 675 1754 Simoenta
687 1701 737 1753 sub
751 1701 803 1754 llio
816 1701 881 1771 alto,

194 1787 288 1840 Donat
299 1787 401 1841 habere
415 1787 481 1852 viro,
496 1786 580 1841 decus
592 1792 621 1840 et
633 1792 757 1841 tutamen
769 1789 799 1841 in
813 1789 903 1842 armis
984 1853 986 1856 .

194 1877 338 1932 Vixillum
353 1880 449 1933 famuli
462 1879 588 1948 Phegeus
601 1879 763 1948 Sagarisque
776 1881 902 1934 ferebant

194 1964 383 2035 Multiplicem,
398 1967 489 2020 conixi
503 1967 621 2035 umeris;
643 1967 756 2020 indutus
769 1972 798 2020 at
812 1967 878 2020 olim

194 2051 341 2106 Demoleos
353 2071 433 2107 cursu
446 2054 565 2122 palantis
577 2054 663 2108 Troas
675 2055 780 2122 agebat.

194 2137 286 2193 Tertia
298 2139 371 2194 dona
382 2141 449 2194 facit
461 2143 585 2208 geminos
597 2159 631 2195 ex
645 2159 707 2195 aere
718 2142 831 2210 lebetas,

195 2225 366 2295 (lymbiaque
380 2232 495 2295 argento
509 2229 632 2297 perfecta
645 2235 728 2299 atquo
740 2246 839 2298 aspera
851 2229 943 2298 signis.

195 2312 306 2382 lamque
319 2313 388 2367 adeo
400 2313 495 2368 donati
510 2331 605 2369 omnes
618 2317 771 2385 opibusque
784 2315 895 2386 superbi

194 2400 322 2454 Puniceis
334 2401 412 2454 ibant
425 2402 527 2456 evincti
542 2407 668 2471 tempora
680 2405 787 2472 taeniis,

195 2485 264 2540 Oum
279 2503 361 2541 saevo
374 2505 389 2542 e
402 2489 515 2557 scopulo
528 2490 615 2543 multa
628 2491 674 2542 vix
687 2498 747 2544 arte
760 2492 892 2558 revulsus,

194 2574 312 2626 Amissis
324 2577 407 2628 remis
420 2582 502 2645 atque
517 2577 614 2630 ordine
627 2577 726 2630 debilis
739 2596 803 2646 uno,

194 2659 310 2714 inrisam
324 2662 382 2714 sine
394 2662 499 2716 honore
514 2673 601 2716 ratem
615 2663 761 2732 Sergestus
773 2668 880 2735 agebat.

195 2747 290 2812 Qualis
303 2765 384 2817 saepe
397 2750 457 2803 viae
470 2751 621 2818 deprensus
634 2751 662 2803 in
677 2769 776 2820 aggere
789 2771 909 2822 serpens,

195 2833 286 2888 Aerea
299 2853 378 2904 quem
392 2836 533 2905 obliquum
547 2847 611 2892 rota
622 2840 740 2908 transiit,
756 2846 804 2894 aut
820 2842 912 2909 gravis
925 2842 983 2895 ictu

195 2921 364 2976 Seminecem
377 2922 459 2992 liquit
472 2941 538 2977 saxo
552 2924 728 2995 lacerumque
741 2928 838 2994 viator,

194 3009 367 3079 Nequiquam
380 3010 476 3078 longos
489 3011 598 3079 fugiens
611 3013 659 3066 dat
672 3030 788 3082 corpore
800 3021 897 3083 tortus,

194 3095 276 3150 Parte
289 3098 374 3162 ferox,
390 3097 542 3166 ardensque
555 3099 649 3167 oculis,
664 3106 692 3152 et
705 3101 784 3154 sibila
796 3101 867 3156 colla

195 3183 307 3236 Arduus
321 3184 465 3251 attollens3
487 3202 550 3253 pars
561 3186 673 3239 volnere
686 3187 783 3242 clauda
795 3194 917 3242 retentat

193 3269 345 3324 Nixantern
358 3271 438 3324 nodis
450 3289 533 3340 seque
545 3273 574 3324 in
588 3289 636 3325 sua
648 3275 772 3328 membra
781 3275 945 3343 plicantem:

193 3357 251 3410 Tali
265 3357 381 3425 remigio
395 3358 471 3411 navis
484 3375 512 3411 se
525 3359 604 3412 tarda
616 3361 761 3428 movebat3

194 3439 265 3494 Vela
277 3443 342 3495 facit
355 3448 456 3511 tamen,
471 3450 499 3496 et
512 3445 580 3498 velis
593 3447 668 3499 subit
681 3449 752 3502 ostia
765 3449 860 3517 plenis.

193 3525 348 3593 Sergestum
362 3527 471 3582 Aeneas
484 3533 620 3598 promisso
634 3535 854 3602 concrederet,
