<?xml version="1.0" encoding="UTF-8"?>
<!DOCTYPE html PUBLIC "-//W3C//DTD XHTML 1.0 Transitional//EN"
    "http://www.w3.org/TR/xhtml1/DTD/xhtml1-transitional.dtd">
<html xmlns="http://www.w3.org/1999/xhtml" xml:lang="en" lang="en">
 <head>
  <title>
</title>
<meta http-equiv="Content-Type" content="text/html;charset=utf-8" />
  <meta name='ocr-system' content='tesseract 3.04.00' />
  <meta name='ocr-capabilities' content='ocr_page ocr_carea ocr_par ocr_line ocrx_word'/>
</head>
<body>
  <div class='ocr_page' id='page_1' title='image "./arevisedtextpoe00virggoog/arevisedtextpoe00virggoog_0339.png"; bbox 0 0 2656 3940; ppageno 0'>
   <div class='ocr_carea' id='block_1_1' title="bbox 451 229 829 282">
    <p class='ocr_par' dir='ltr' id='par_1_1' title="bbox 451 229 829 282">
     <span class='ocr_line' id='line_1_1' title="bbox 451 229 829 282; baseline 0.005 -3"><span class='ocrx_word' id='word_1_1' title='bbox 451 229 589 280; x_wconf 74' lang='lat' dir='ltr'><strong>vasam</strong></span> <span class='ocrx_word' id='word_1_2' title='bbox 610 229 775 280; x_wconf 76' lang='lat' dir='ltr'><strong>aaaaloos</strong></span> <span class='ocrx_word' id='word_1_3' title='bbox 798 231 829 282; x_wconf 84' lang='lat' dir='ltr'><strong>X.</strong></span> 
     </span>
    </p>
   </div>
   <div class='ocr_carea' id='block_1_2' title="bbox 117 391 939 3603">
    <p class='ocr_par' dir='ltr' id='par_1_2' title="bbox 117 391 939 3603">
     <span class='ocr_line' id='line_1_2' title="bbox 127 391 836 463; baseline -0.001 -14"><span class='ocrx_word' id='word_1_4' title='bbox 127 391 290 461; x_wconf 86' lang='lat' dir='ltr'><strong>Impositum</strong></span> <span class='ocrx_word' id='word_1_5' title='bbox 304 397 384 446; x_wconf 89' lang='lat' dir='ltr'><strong>scuto</strong></span> <span class='ocrx_word' id='word_1_6' title='bbox 396 392 520 446; x_wconf 87' lang='lat' dir='ltr'><strong>referunt</strong></span> <span class='ocrx_word' id='word_1_7' title='bbox 532 392 659 448; x_wconf 76' lang='lat' dir='ltr'><strong>Pallanta</strong></span> <span class='ocrx_word' id='word_1_8' title='bbox 670 393 836 463; x_wconf 76' lang='lat' dir='ltr'><strong>frequentes</strong></span> 
     </span>
     <span class='ocr_line' id='line_1_3' title="bbox 127 480 850 550; baseline 0.001 -17"><span class='ocrx_word' id='word_1_9' title='bbox 127 480 150 533; x_wconf 87' lang='grc' dir='ltr'>Ο</span> <span class='ocrx_word' id='word_1_10' title='bbox 164 480 246 534; x_wconf 90' lang='lat' dir='ltr'><strong>dolor</strong></span> <span class='ocrx_word' id='word_1_11' title='bbox 258 485 342 550; x_wconf 85' lang='lat' dir='ltr'><strong>atque</strong></span> <span class='ocrx_word' id='word_1_12' title='bbox 354 480 438 534; x_wconf 91' lang='lat' dir='ltr'><strong>decus</strong></span> <span class='ocrx_word' id='word_1_13' title='bbox 452 496 582 548; x_wconf 86' lang='lat' dir='ltr'><strong>maguum</strong></span> <span class='ocrx_word' id='word_1_14' title='bbox 595 481 716 535; x_wconf 89' lang='lat' dir='ltr'><strong>rediture</strong></span> <span class='ocrx_word' id='word_1_15' title='bbox 729 481 850 550; x_wconf 90' lang='lat' dir='ltr'><strong>parenti!</strong></span> 
     </span>
     <span class='ocr_line' id='line_1_4' title="bbox 125 559 904 637; baseline 0.003 -17"><span class='ocrx_word' id='word_1_16' title='bbox 125 567 204 622; x_wconf 91' lang='lat' dir='ltr'><strong>Haec</strong></span> <span class='ocrx_word' id='word_1_17' title='bbox 216 573 246 621; x_wconf 90' lang='lat' dir='ltr'><strong>te</strong></span> <span class='ocrx_word' id='word_1_18' title='bbox 258 568 349 636; x_wconf 88' lang='lat' dir='ltr'><strong>prima</strong></span> <span class='ocrx_word' id='word_1_19' title='bbox 361 567 421 620; x_wconf 89' lang='lat' dir='ltr'><strong>dies</strong></span> <span class='ocrx_word' id='word_1_20' title='bbox 433 567 506 620; x_wconf 92' lang='lat' dir='ltr'><strong>bello</strong></span> <span class='ocrx_word' id='word_1_21' title='bbox 518 567 602 636; x_wconf 90' lang='lat' dir='ltr'><strong>dedit,</strong></span> <span class='ocrx_word' id='word_1_22' title='bbox 617 559 685 621; x_wconf 82' lang='lat' dir='ltr'><strong>h&#39;aec</strong></span> <span class='ocrx_word' id='word_1_23' title='bbox 698 568 793 622; x_wconf 88' lang='lat' dir='ltr'><strong>eadem</strong></span> <span class='ocrx_word' id='word_1_24' title='bbox 807 569 904 637; x_wconf 85' lang='lat' dir='ltr'><strong>aulert,</strong></span> 
     </span>
     <span class='ocr_line' id='line_1_5' title="bbox 126 654 870 723; baseline 0.003 -15"><span class='ocrx_word' id='word_1_25' title='bbox 126 655 199 708; x_wconf 84' lang='lat' dir='ltr'><strong>Oum</strong></span> <span class='ocrx_word' id='word_1_26' title='bbox 212 659 306 708; x_wconf 88' lang='lat' dir='ltr'><strong>tamen</strong></span> <span class='ocrx_word' id='word_1_27' title='bbox 319 654 440 722; x_wconf 84' lang='lat' dir='ltr'><strong>ingentis</strong></span> <span class='ocrx_word' id='word_1_28' title='bbox 450 654 616 707; x_wconf 82' lang='lat' dir='ltr'>Rutulorum</span> <span class='ocrx_word' id='word_1_29' title='bbox 628 655 730 723; x_wconf 84' lang='lat' dir='ltr'>linquis</span> <span class='ocrx_word' id='word_1_30' title='bbox 743 657 870 710; x_wconf 87' lang='lat' dir='ltr'><strong>acervosl</strong></span> 
     </span>
     <span class='ocr_line' id='line_1_6' title="bbox 162 740 836 808; baseline 0.003 -14"><span class='ocrx_word' id='word_1_31' title='bbox 162 741 224 794; x_wconf 86' lang='lat' dir='ltr'><strong>Nec</strong></span> <span class='ocrx_word' id='word_1_32' title='bbox 237 741 293 794; x_wconf 93' lang='lat' dir='ltr'><strong>iam</strong></span> <span class='ocrx_word' id='word_1_33' title='bbox 305 743 379 795; x_wconf 81' lang='lat' dir='ltr'><strong>lama</strong></span> <span class='ocrx_word' id='word_1_34' title='bbox 392 740 456 795; x_wconf 90' lang='lat' dir='ltr'><strong>mali</strong></span> <span class='ocrx_word' id='word_1_35' title='bbox 471 743 550 808; x_wconf 90' lang='lat' dir='ltr'><strong>tanti,</strong></span> <span class='ocrx_word' id='word_1_36' title='bbox 565 742 613 794; x_wconf 87' lang='lat' dir='ltr'><strong>sed</strong></span> <span class='ocrx_word' id='word_1_37' title='bbox 626 742 727 796; x_wconf 88' lang='lat' dir='ltr'><strong>certior</strong></span> <span class='ocrx_word' id='word_1_38' title='bbox 740 749 836 796; x_wconf 87' lang='lat' dir='ltr'><strong>auctor</strong></span> 
     </span>
     <span class='ocr_line' id='line_1_7' title="bbox 125 828 708 892; baseline 0 -10"><span class='ocrx_word' id='word_1_39' title='bbox 125 828 253 882; x_wconf 88' lang='lat' dir='ltr'><strong>Advolat</strong></span> <span class='ocrx_word' id='word_1_40' title='bbox 265 828 385 892; x_wconf 75' lang='lat' dir='ltr'><strong>Aeneae,</strong></span> <span class='ocrx_word' id='word_1_41' title='bbox 400 829 475 882; x_wconf 89' lang='lat' dir='ltr'><strong>tenui</strong></span> <span class='ocrx_word' id='word_1_42' title='bbox 490 829 648 882; x_wconf 79' lang='lat' dir='ltr'><strong>discrimine</strong></span> <span class='ocrx_word' id='word_1_43' title='bbox 660 829 708 882; x_wconf 87' lang='lat' dir='ltr'><strong>leti</strong></span> 
     </span>
     <span class='ocr_line' id='line_1_8' title="bbox 125 907 856 1000; baseline 0.007 -33"><span class='ocrx_word' id='word_1_44' title='bbox 125 915 196 968; x_wconf 85' lang='lat' dir='ltr'><strong>Esse</strong></span> <span class='ocrx_word' id='word_1_45' title='bbox 209 932 289 983; x_wconf 83' lang='lat' dir='ltr'><strong>su0s3</strong></span> <span class='ocrx_word' id='word_1_46' title='bbox 309 920 420 985; x_wconf 88' lang='lat' dir='ltr'><strong>tempus</strong></span> <span class='ocrx_word' id='word_1_47' title='bbox 434 917 519 969; x_wconf 85' lang='lat' dir='ltr'><strong>versis</strong></span> <span class='ocrx_word' id='word_1_48' title='bbox 531 933 690 971; x_wconf 76' lang='lat' dir='ltr'><strong>succurrere</strong></span> <span class='ocrx_word' id='word_1_49' title='bbox 703 917 822 973; x_wconf 86' lang='lat' dir='ltr'><strong>Teucris.</strong></span> <span class='ocrx_word' id='word_1_50' title='bbox 828 907 856 1000; x_wconf 81' lang='lat' dir='ltr'><em>s</em></span> 
     </span>
     <span class='ocr_line' id='line_1_9' title="bbox 125 1003 929 1074; baseline 0.005 -19"><span class='ocrx_word' id='word_1_51' title='bbox 125 1003 261 1057; x_wconf 87' lang='lat' dir='ltr'><strong>Proxima</strong></span> <span class='ocrx_word' id='word_1_52' title='bbox 274 1019 396 1071; x_wconf 87' lang='lat' dir='ltr'><strong>quaeque</strong></span> <span class='ocrx_word' id='word_1_53' title='bbox 408 1003 490 1056; x_wconf 87' lang='lat' dir='ltr'><strong>metit</strong></span> <span class='ocrx_word' id='word_1_54' title='bbox 502 1003 600 1072; x_wconf 80' lang='lat' dir='ltr'><strong>gladio,</strong></span> <span class='ocrx_word' id='word_1_55' title='bbox 615 1003 756 1073; x_wconf 86' lang='lat' dir='ltr'><strong>latumque</strong></span> <span class='ocrx_word' id='word_1_56' title='bbox 768 1021 818 1074; x_wconf 90' lang='lat' dir='ltr'><strong>per</strong></span> <span class='ocrx_word' id='word_1_57' title='bbox 831 1021 929 1074; x_wconf 83' lang='lat' dir='ltr'><strong>agmen</strong></span> 
     </span>
     <span class='ocr_line' id='line_1_10' title="bbox 126 1090 859 1160; baseline 0.004 -18"><span class='ocrx_word' id='word_1_58' title='bbox 126 1091 242 1143; x_wconf 87' lang='lat' dir='ltr'><strong>Ardens</strong></span> <span class='ocrx_word' id='word_1_59' title='bbox 253 1090 369 1143; x_wconf 91' lang='lat' dir='ltr'><strong>limitem</strong></span> <span class='ocrx_word' id='word_1_60' title='bbox 382 1090 440 1158; x_wconf 84' lang='lat' dir='ltr'><strong>agit</strong></span> <span class='ocrx_word' id='word_1_61' title='bbox 451 1091 532 1158; x_wconf 85' lang='lat' dir='ltr'><strong>ferro,</strong></span> <span class='ocrx_word' id='word_1_62' title='bbox 546 1098 582 1159; x_wconf 91' lang='lat' dir='ltr'><strong>te,</strong></span> <span class='ocrx_word' id='word_1_63' title='bbox 597 1090 695 1160; x_wconf 89' lang='lat' dir='ltr'><strong>Turne,</strong></span> <span class='ocrx_word' id='word_1_64' title='bbox 710 1093 859 1160; x_wconf 89' lang='lat' dir='ltr'><strong>superbum</strong></span> 
     </span>
     <span class='ocr_line' id='line_1_11' title="bbox 126 1178 871 1249; baseline 0 -17"><span class='ocrx_word' id='word_1_65' title='bbox 126 1178 221 1232; x_wconf 81' lang='lat' dir='ltr'><strong>(laede</strong></span> <span class='ocrx_word' id='word_1_66' title='bbox 234 1195 307 1232; x_wconf 89' lang='lat' dir='ltr'><strong>nova</strong></span> <span class='ocrx_word' id='word_1_67' title='bbox 320 1195 460 1246; x_wconf 86' lang='lat' dir='ltr'><strong>quaerens.</strong></span> <span class='ocrx_word' id='word_1_68' title='bbox 498 1178 596 1247; x_wconf 85' lang='lat' dir='ltr'><strong>Pallas,</strong></span> <span class='ocrx_word' id='word_1_69' title='bbox 611 1179 748 1248; x_wconf 81' lang='lat' dir='ltr'><strong>Euander,</strong></span> <span class='ocrx_word' id='word_1_70' title='bbox 762 1180 791 1232; x_wconf 92' lang='lat' dir='ltr'><strong>in</strong></span> <span class='ocrx_word' id='word_1_71' title='bbox 805 1181 871 1249; x_wconf 88' lang='lat' dir='ltr'><strong>ipsis</strong></span> 
     </span>
     <span class='ocr_line' id='line_1_12' title="bbox 126 1265 861 1336; baseline 0.003 -17"><span class='ocrx_word' id='word_1_72' title='bbox 126 1266 230 1319; x_wconf 88' lang='lat' dir='ltr'><strong>Omnia</strong></span> <span class='ocrx_word' id='word_1_73' title='bbox 242 1272 307 1319; x_wconf 88' lang='lat' dir='ltr'><strong>sunt</strong></span> <span class='ocrx_word' id='word_1_74' title='bbox 319 1265 412 1334; x_wconf 87' lang='lat' dir='ltr'><strong>oculis,</strong></span> <span class='ocrx_word' id='word_1_75' title='bbox 427 1282 545 1334; x_wconf 80' lang='lat' dir='ltr'>mensae,</span> <span class='ocrx_word' id='word_1_76' title='bbox 561 1281 628 1334; x_wconf 88' lang='lat' dir='ltr'><strong>quas</strong></span> <span class='ocrx_word' id='word_1_77' title='bbox 641 1267 746 1321; x_wconf 85' lang='lat' dir='ltr'><strong>advena</strong></span> <span class='ocrx_word' id='word_1_78' title='bbox 758 1268 861 1336; x_wconf 86' lang='lat' dir='ltr'><strong>primas</strong></span> 
     </span>
     <span class='ocr_line' id='line_1_13' title="bbox 125 1352 871 1421; baseline 0.005 -17"><span class='ocrx_word' id='word_1_79' title='bbox 125 1353 204 1406; x_wconf 90' lang='lat' dir='ltr'><strong>Tunc</strong></span> <span class='ocrx_word' id='word_1_80' title='bbox 217 1352 293 1420; x_wconf 87' lang='lat' dir='ltr'><strong>adiit,</strong></span> <span class='ocrx_word' id='word_1_81' title='bbox 308 1352 478 1421; x_wconf 82' lang='lat' dir='ltr'><strong>dextraeque</strong></span> <span class='ocrx_word' id='word_1_82' title='bbox 491 1352 580 1407; x_wconf 87' lang='lat' dir='ltr'><strong>datae.</strong></span> <span class='ocrx_word' id='word_1_83' title='bbox 619 1353 751 1407; x_wconf 76' lang='lat' dir='ltr'><strong>Sulmone</strong></span> <span class='ocrx_word' id='word_1_84' title='bbox 763 1359 871 1408; x_wconf 84' lang='lat' dir='ltr'><strong>creatos</strong></span> 
     </span>
     <span class='ocr_line' id='line_1_14' title="bbox 125 1439 900 1511; baseline 0.003 -18"><span class='ocrx_word' id='word_1_85' title='bbox 125 1440 267 1506; x_wconf 79' lang='lat' dir='ltr'><strong>Quattuor</strong></span> <span class='ocrx_word' id='word_1_86' title='bbox 278 1439 324 1492; x_wconf 89' lang='lat' dir='ltr'><strong>hio</strong></span> <span class='ocrx_word' id='word_1_87' title='bbox 336 1439 457 1506; x_wconf 89' lang='lat' dir='ltr'><strong>invenes,</strong></span> <span class='ocrx_word' id='word_1_88' title='bbox 472 1440 596 1504; x_wconf 85' lang='lat' dir='ltr'><strong>totidem,</strong></span> <span class='ocrx_word' id='word_1_89' title='bbox 612 1457 680 1509; x_wconf 89' lang='lat' dir='ltr'><strong>quos</strong></span> <span class='ocrx_word' id='word_1_90' title='bbox 692 1441 791 1495; x_wconf 89' lang='lat' dir='ltr'><strong>educat</strong></span> <span class='ocrx_word' id='word_1_91' title='bbox 804 1441 900 1511; x_wconf 75' lang='lat' dir='ltr'><strong>Ufens,</strong></span> 
     </span>
     <span class='ocr_line' id='line_1_15' title="bbox 125 1527 820 1598; baseline 0.003 -18"><span class='ocrx_word' id='word_1_92' title='bbox 125 1527 259 1581; x_wconf 79' lang='lat' dir='ltr'><strong>Viuontis</strong></span> <span class='ocrx_word' id='word_1_93' title='bbox 271 1527 351 1596; x_wconf 89' lang='lat' dir='ltr'><strong>rapit,</strong></span> <span class='ocrx_word' id='word_1_94' title='bbox 366 1527 478 1580; x_wconf 88' lang='lat' dir='ltr'><strong>inferias</strong></span> <span class='ocrx_word' id='word_1_95' title='bbox 491 1543 559 1596; x_wconf 88' lang='lat' dir='ltr'><strong>quos</strong></span> <span class='ocrx_word' id='word_1_96' title='bbox 570 1528 695 1582; x_wconf 87' lang='lat' dir='ltr'><strong>immolet</strong></span> <span class='ocrx_word' id='word_1_97' title='bbox 706 1529 820 1598; x_wconf 90' lang='lat' dir='ltr'><strong>umbris,</strong></span> 
     </span>
     <span class='ocr_line' id='line_1_16' title="bbox 125 1615 820 1684; baseline 0.006 -16"><span class='ocrx_word' id='word_1_98' title='bbox 125 1615 300 1683; x_wconf 78' lang='lat' dir='ltr'><strong>Captivoque</strong></span> <span class='ocrx_word' id='word_1_99' title='bbox 314 1615 371 1682; x_wconf 82' lang='lat' dir='ltr'><strong>rogi</strong></span> <span class='ocrx_word' id='word_1_100' title='bbox 384 1615 533 1682; x_wconf 79' lang='lat' dir='ltr'><strong>perflandat</strong></span> <span class='ocrx_word' id='word_1_101' title='bbox 545 1617 677 1684; x_wconf 87' lang='lat' dir='ltr'><strong>sanguine</strong></span> <span class='ocrx_word' id='word_1_102' title='bbox 690 1616 820 1672; x_wconf 86' lang='lat' dir='ltr'><strong>flammas.</strong></span> 
     </span>
     <span class='ocr_line' id='line_1_17' title="bbox 124 1701 869 1770; baseline 0.004 -16"><span class='ocrx_word' id='word_1_103' title='bbox 124 1701 195 1755; x_wconf 85' lang='lat' dir='ltr'><strong>inde</strong></span> <span class='ocrx_word' id='word_1_104' title='bbox 207 1701 290 1770; x_wconf 82' lang='lat' dir='ltr'><strong>Mago</strong></span> <span class='ocrx_word' id='word_1_105' title='bbox 302 1702 397 1770; x_wconf 90' lang='lat' dir='ltr'><strong>procul</strong></span> <span class='ocrx_word' id='word_1_106' title='bbox 412 1703 546 1756; x_wconf 85' lang='lat' dir='ltr'><strong>infensam</strong></span> <span class='ocrx_word' id='word_1_107' title='bbox 560 1702 740 1757; x_wconf 80' lang='lat' dir='ltr'><strong>contenderat</strong></span> <span class='ocrx_word' id='word_1_108' title='bbox 754 1704 869 1758; x_wconf 86' lang='lat' dir='ltr'><strong>hastam.</strong></span> 
     </span>
     <span class='ocr_line' id='line_1_18' title="bbox 123 1788 866 1866; baseline 0.005 -24"><span class='ocrx_word' id='word_1_109' title='bbox 123 1788 176 1842; x_wconf 92' lang='lat' dir='ltr'><strong>Ille</strong></span> <span class='ocrx_word' id='word_1_110' title='bbox 188 1797 249 1842; x_wconf 89' lang='lat' dir='ltr'><strong>astu</strong></span> <span class='ocrx_word' id='word_1_111' title='bbox 263 1790 351 1856; x_wconf 82' lang='lat' dir='ltr'><strong>subit3</strong></span> <span class='ocrx_word' id='word_1_112' title='bbox 372 1797 401 1842; x_wconf 87' lang='lat' dir='ltr'><strong>at</strong></span> <span class='ocrx_word' id='word_1_113' title='bbox 414 1789 589 1844; x_wconf 87' lang='lat' dir='ltr'><strong>tremibunda</strong></span> <span class='ocrx_word' id='word_1_114' title='bbox 602 1791 759 1859; x_wconf 87' lang='lat' dir='ltr'><strong>supervolat</strong></span> <span class='ocrx_word' id='word_1_115' title='bbox 773 1792 866 1866; x_wconf 60' lang='lat' dir='ltr'><strong>hasta,</strong></span> 
     </span>
     <span class='ocr_line' id='line_1_19' title="bbox 122 1875 783 1946; baseline 0.005 -18"><span class='ocrx_word' id='word_1_116' title='bbox 122 1875 162 1928; x_wconf 88' lang='lat' dir='ltr'><strong>Et</strong></span> <span class='ocrx_word' id='word_1_117' title='bbox 175 1893 266 1944; x_wconf 87' lang='lat' dir='ltr'><strong>genna</strong></span> <span class='ocrx_word' id='word_1_118' title='bbox 279 1875 447 1944; x_wconf 86' lang='lat' dir='ltr'><strong>amplectens</strong></span> <span class='ocrx_word' id='word_1_119' title='bbox 461 1876 560 1930; x_wconf 87' lang='lat' dir='ltr'><strong>effatur</strong></span> <span class='ocrx_word' id='word_1_120' title='bbox 571 1877 639 1930; x_wconf 88' lang='lat' dir='ltr'><strong>talia</strong></span> <span class='ocrx_word' id='word_1_121' title='bbox 651 1878 783 1946; x_wconf 81' lang='lat' dir='ltr'><strong>supplex:</strong></span> 
     </span>
     <span class='ocr_line' id='line_1_20' title="bbox 125 1963 759 2032; baseline 0.003 -16"><span class='ocrx_word' id='word_1_122' title='bbox 125 1963 208 2017; x_wconf 84' lang='lat' dir='ltr'><strong>“Per</strong></span> <span class='ocrx_word' id='word_1_123' title='bbox 221 1964 327 2032; x_wconf 85' lang='lat' dir='ltr'><strong>patrios</strong></span> <span class='ocrx_word' id='word_1_124' title='bbox 339 1963 429 2018; x_wconf 88' lang='lat' dir='ltr'><strong>Manis</strong></span> <span class='ocrx_word' id='word_1_125' title='bbox 441 1969 469 2017; x_wconf 89' lang='lat' dir='ltr'><strong>et</strong></span> <span class='ocrx_word' id='word_1_126' title='bbox 482 1980 544 2032; x_wconf 90' lang='lat' dir='ltr'><strong>spes</strong></span> <span class='ocrx_word' id='word_1_127' title='bbox 557 1965 694 2032; x_wconf 79' lang='lat' dir='ltr'><strong>surgentis</strong></span> <span class='ocrx_word' id='word_1_128' title='bbox 706 1964 759 2018; x_wconf 94' lang='lat' dir='ltr'><strong>Iuli</strong></span> 
     </span>
     <span class='ocr_line' id='line_1_21' title="bbox 123 2051 901 2123; baseline 0.008 -21"><span class='ocrx_word' id='word_1_129' title='bbox 123 2051 163 2104; x_wconf 85' lang='lat' dir='ltr'><strong>Te</strong></span> <span class='ocrx_word' id='word_1_130' title='bbox 176 2066 282 2119; x_wconf 83' lang='lat' dir='ltr'><strong>precor,</strong></span> <span class='ocrx_word' id='word_1_131' title='bbox 296 2051 368 2104; x_wconf 84' lang='lat' dir='ltr'><strong>hanc</strong></span> <span class='ocrx_word' id='word_1_132' title='bbox 381 2052 499 2104; x_wconf 84' lang='lat' dir='ltr'><strong>animam</strong></span> <span class='ocrx_word' id='word_1_133' title='bbox 512 2067 605 2105; x_wconf 87' lang='lat' dir='ltr'><strong>serves</strong></span> <span class='ocrx_word' id='word_1_134' title='bbox 616 2057 754 2122; x_wconf 84' lang='lat' dir='ltr'><strong>gnatoque</strong></span> <span class='ocrx_word' id='word_1_135' title='bbox 767 2053 901 2123; x_wconf 88' lang='lat' dir='ltr'><strong>patrique.</strong></span> 
     </span>
     <span class='ocr_line' id='line_1_22' title="bbox 121 2137 842 2207; baseline 0.007 -17"><span class='ocrx_word' id='word_1_136' title='bbox 121 2137 175 2191; x_wconf 83' lang='lat' dir='ltr'><strong>Est</strong></span> <span class='ocrx_word' id='word_1_137' title='bbox 186 2138 286 2191; x_wconf 89' lang='lat' dir='ltr'><strong>domus</strong></span> <span class='ocrx_word' id='word_1_138' title='bbox 298 2137 369 2206; x_wconf 70' lang='lat' dir='ltr'><strong>alta,</strong></span> <span class='ocrx_word' id='word_1_139' title='bbox 390 2137 482 2192; x_wconf 88' lang='lat' dir='ltr'><strong>iacent</strong></span> <span class='ocrx_word' id='word_1_140' title='bbox 494 2139 604 2207; x_wconf 91' lang='lat' dir='ltr'><strong>penitus</strong></span> <span class='ocrx_word' id='word_1_141' title='bbox 616 2139 726 2193; x_wconf 77' lang='lat' dir='ltr'><strong>defossa</strong></span> <span class='ocrx_word' id='word_1_142' title='bbox 736 2140 842 2196; x_wconf 84' lang='lat' dir='ltr'><strong>talenta</strong></span> 
     </span>
     <span class='ocr_line' id='line_1_23' title="bbox 123 2225 739 2294; baseline 0.002 -15"><span class='ocrx_word' id='word_1_143' title='bbox 123 2225 233 2279; x_wconf 82' lang='lat' dir='ltr'><strong>Caelati</strong></span> <span class='ocrx_word' id='word_1_144' title='bbox 245 2226 352 2294; x_wconf 83' lang='lat' dir='ltr'><strong>argenti</strong></span> <span class='ocrx_word' id='word_1_145' title='bbox 363 2244 369 2293; x_wconf 78' lang='grc' dir='ltr'>ς</span> <span class='ocrx_word' id='word_1_146' title='bbox 390 2231 455 2279; x_wconf 93' lang='lat' dir='ltr'><strong>sunt</strong></span> <span class='ocrx_word' id='word_1_147' title='bbox 467 2227 526 2280; x_wconf 87' lang='lat' dir='ltr'><strong>auri</strong></span> <span class='ocrx_word' id='word_1_148' title='bbox 540 2227 660 2294; x_wconf 85' lang='lat' dir='ltr'><strong>pondera</strong></span> <span class='ocrx_word' id='word_1_149' title='bbox 673 2228 739 2282; x_wconf 85' lang='lat' dir='ltr'><strong>facti</strong></span> 
     </span>
     <span class='ocr_line' id='line_1_24' title="bbox 122 2312 802 2382; baseline 0.007 -17"><span class='ocrx_word' id='word_1_150' title='bbox 122 2312 280 2382; x_wconf 87' lang='lat' dir='ltr'><strong>Infectiqne</strong></span> <span class='ocrx_word' id='word_1_151' title='bbox 292 2313 367 2366; x_wconf 89' lang='lat' dir='ltr'><strong>mihi.</strong></span> <span class='ocrx_word' id='word_1_152' title='bbox 405 2312 470 2367; x_wconf 86' lang='lat' dir='ltr'><strong>Non</strong></span> <span class='ocrx_word' id='word_1_153' title='bbox 483 2313 527 2367; x_wconf 93' lang='lat' dir='ltr'><strong>hic</strong></span> <span class='ocrx_word' id='word_1_154' title='bbox 539 2314 656 2368; x_wconf 87' lang='lat' dir='ltr'><strong>victoria</strong></span> <span class='ocrx_word' id='word_1_155' title='bbox 667 2314 802 2370; x_wconf 83' lang='lat' dir='ltr'><strong>Teucrum</strong></span> 
     </span>
     <span class='ocr_line' id='line_1_25' title="bbox 122 2400 875 2466; baseline 0.007 -13"><span class='ocrx_word' id='word_1_156' title='bbox 122 2400 263 2466; x_wconf 86' lang='lat' dir='ltr'><strong>Vertitur,</strong></span> <span class='ocrx_word' id='word_1_157' title='bbox 279 2405 325 2454; x_wconf 90' lang='lat' dir='ltr'><strong>aut</strong></span> <span class='ocrx_word' id='word_1_158' title='bbox 338 2401 430 2454; x_wconf 91' lang='lat' dir='ltr'><strong>anima</strong></span> <span class='ocrx_word' id='word_1_159' title='bbox 441 2417 497 2457; x_wconf 85' lang='lat' dir='ltr'><strong>una</strong></span> <span class='ocrx_word' id='word_1_160' title='bbox 509 2401 585 2455; x_wconf 89' lang='lat' dir='ltr'><strong>dabit</strong></span> <span class='ocrx_word' id='word_1_161' title='bbox 597 2403 757 2458; x_wconf 89' lang='lat' dir='ltr'><strong>discrimina</strong></span> <span class='ocrx_word' id='word_1_162' title='bbox 769 2403 875 2458; x_wconf 87' lang='lat' dir='ltr'><strong>tanta.’&#39;</strong></span> 
     </span>
     <span class='ocr_line' id='line_1_26' title="bbox 121 2487 753 2552; baseline 0.005 -12"><span class='ocrx_word' id='word_1_163' title='bbox 121 2487 256 2552; x_wconf 79' lang='lat' dir='ltr'><strong>Dixerat3</strong></span> <span class='ocrx_word' id='word_1_164' title='bbox 277 2487 389 2540; x_wconf 87' lang='lat' dir='ltr'><strong>Aeneas</strong></span> <span class='ocrx_word' id='word_1_165' title='bbox 401 2493 499 2542; x_wconf 85' lang='lat' dir='ltr'><strong>contra</strong></span> <span class='ocrx_word' id='word_1_166' title='bbox 511 2489 555 2542; x_wconf 92' lang='lat' dir='ltr'><strong>cui</strong></span> <span class='ocrx_word' id='word_1_167' title='bbox 567 2489 634 2543; x_wconf 88' lang='lat' dir='ltr'><strong>talia</strong></span> <span class='ocrx_word' id='word_1_168' title='bbox 647 2490 753 2544; x_wconf 88' lang='lat' dir='ltr'><strong>reddit:</strong></span> 
     </span>
     <span class='ocr_line' id='line_1_27' title="bbox 124 2575 897 2649; baseline 0.008 -22"><span class='ocrx_word' id='word_1_169' title='bbox 124 2575 272 2641; x_wconf 78' lang='lat' dir='ltr'><strong>“Argenti</strong></span> <span class='ocrx_word' id='word_1_170' title='bbox 285 2580 366 2643; x_wconf 88' lang='lat' dir='ltr'><strong>atque</strong></span> <span class='ocrx_word' id='word_1_171' title='bbox 380 2575 439 2629; x_wconf 88' lang='lat' dir='ltr'><strong>auri</strong></span> <span class='ocrx_word' id='word_1_172' title='bbox 452 2591 589 2630; x_wconf 88' lang='lat' dir='ltr'><strong>memoras</strong></span> <span class='ocrx_word' id='word_1_173' title='bbox 603 2593 671 2645; x_wconf 90' lang='lat' dir='ltr'><strong>quae</strong></span> <span class='ocrx_word' id='word_1_174' title='bbox 683 2578 771 2631; x_wconf 89' lang='lat' dir='ltr'><strong>multa</strong></span> <span class='ocrx_word' id='word_1_175' title='bbox 784 2579 897 2649; x_wconf 84' lang='lat' dir='ltr'><strong>talenta,</strong></span> 
     </span>
     <span class='ocr_line' id='line_1_28' title="bbox 122 2660 800 2729; baseline 0.004 -14"><span class='ocrx_word' id='word_1_176' title='bbox 122 2662 223 2715; x_wconf 84' lang='lat' dir='ltr'><strong>Gnatis</strong></span> <span class='ocrx_word' id='word_1_177' title='bbox 237 2678 317 2729; x_wconf 91' lang='lat' dir='ltr'><strong>parce</strong></span> <span class='ocrx_word' id='word_1_178' title='bbox 330 2662 393 2714; x_wconf 89' lang='lat' dir='ltr'><strong>tuis.</strong></span> <span class='ocrx_word' id='word_1_179' title='bbox 431 2660 501 2715; x_wconf 92' lang='lat' dir='ltr'><strong>Belli</strong></span> <span class='ocrx_word' id='word_1_180' title='bbox 514 2664 679 2718; x_wconf 86' lang='lat' dir='ltr'><strong>commercia</strong></span> <span class='ocrx_word' id='word_1_181' title='bbox 692 2664 800 2718; x_wconf 87' lang='lat' dir='ltr'><strong>Turnus</strong></span> 
     </span>
     <span class='ocr_line' id='line_1_29' title="bbox 121 2749 841 2821; baseline 0.007 -20"><span class='ocrx_word' id='word_1_182' title='bbox 121 2749 240 2802; x_wconf 82' lang='lat' dir='ltr'><strong>Sustulit</strong></span> <span class='ocrx_word' id='word_1_183' title='bbox 254 2750 306 2801; x_wconf 90' lang='lat' dir='ltr'><strong>ista</strong></span> <span class='ocrx_word' id='word_1_184' title='bbox 318 2749 395 2817; x_wconf 92' lang='lat' dir='ltr'><strong>prior</strong></span> <span class='ocrx_word' id='word_1_185' title='bbox 407 2749 462 2802; x_wconf 89' lang='lat' dir='ltr'><strong>iam</strong></span> <span class='ocrx_word' id='word_1_186' title='bbox 476 2757 535 2802; x_wconf 90' lang='lat' dir='ltr'><strong>tum</strong></span> <span class='ocrx_word' id='word_1_187' title='bbox 549 2750 674 2804; x_wconf 81' lang='lat' dir='ltr'><strong>Pallante</strong></span> <span class='ocrx_word' id='word_1_188' title='bbox 687 2756 841 2821; x_wconf 89' lang='lat' dir='ltr'><strong>perempto.</strong></span> 
     </span>
     <span class='ocr_line' id='line_1_30' title="bbox 122 2833 831 2903; baseline 0.007 -17"><span class='ocrx_word' id='word_1_189' title='bbox 122 2835 183 2887; x_wconf 89' lang='lat' dir='ltr'><strong>Hoc</strong></span> <span class='ocrx_word' id='word_1_190' title='bbox 196 2834 284 2902; x_wconf 90' lang='lat' dir='ltr'><strong>patris</strong></span> <span class='ocrx_word' id='word_1_191' title='bbox 299 2834 435 2887; x_wconf 79' lang='lat' dir='ltr'><strong>Anchisae</strong></span> <span class='ocrx_word' id='word_1_192' title='bbox 447 2833 550 2903; x_wconf 88' lang='lat' dir='ltr'><strong>Manes,</strong></span> <span class='ocrx_word' id='word_1_193' title='bbox 565 2836 619 2890; x_wconf 92' lang='lat' dir='ltr'><strong>hoc</strong></span> <span class='ocrx_word' id='word_1_194' title='bbox 632 2839 716 2892; x_wconf 80' lang='lat' dir='ltr'><strong>sentit</strong></span> <span class='ocrx_word' id='word_1_195' title='bbox 729 2837 831 2892; x_wconf 87' lang='lat' dir='ltr'><strong>Iulus.‘’</strong></span> 
     </span>
     <span class='ocr_line' id='line_1_31' title="bbox 120 2920 774 2992; baseline 0.006 -18"><span class='ocrx_word' id='word_1_196' title='bbox 120 2922 167 2974; x_wconf 90' lang='lat' dir='ltr'><strong>Sic</strong></span> <span class='ocrx_word' id='word_1_197' title='bbox 180 2923 256 2974; x_wconf 82' lang='lat' dir='ltr'><strong>fatus</strong></span> <span class='ocrx_word' id='word_1_198' title='bbox 268 2922 372 2988; x_wconf 84' lang='lat' dir='ltr'><strong>galeam</strong></span> <span class='ocrx_word' id='word_1_199' title='bbox 386 2920 466 2975; x_wconf 88' lang='lat' dir='ltr'><strong>laeva</strong></span> <span class='ocrx_word' id='word_1_200' title='bbox 477 2927 560 2990; x_wconf 85' lang='lat' dir='ltr'><strong>tenet,</strong></span> <span class='ocrx_word' id='word_1_201' title='bbox 576 2930 659 2992; x_wconf 89' lang='lat' dir='ltr'><strong>atque</strong></span> <span class='ocrx_word' id='word_1_202' title='bbox 671 2925 774 2978; x_wconf 86' lang='lat' dir='ltr'><strong>reflexa</strong></span> 
     </span>
     <span class='ocr_line' id='line_1_32' title="bbox 121 3008 808 3078; baseline 0.006 -16"><span class='ocrx_word' id='word_1_203' title='bbox 121 3009 238 3062; x_wconf 81' lang='lat' dir='ltr'><strong>Cervius</strong></span> <span class='ocrx_word' id='word_1_204' title='bbox 252 3008 358 3062; x_wconf 85' lang='lat' dir='ltr'><strong>orantis</strong></span> <span class='ocrx_word' id='word_1_205' title='bbox 371 3008 561 3078; x_wconf 90' lang='lat' dir='ltr'><strong>capulotenus</strong></span> <span class='ocrx_word' id='word_1_206' title='bbox 575 3011 693 3078; x_wconf 89' lang='lat' dir='ltr'><strong>applicat</strong></span> <span class='ocrx_word' id='word_1_207' title='bbox 706 3029 808 3066; x_wconf 88' lang='lat' dir='ltr'><strong>ensem.</strong></span> 
     </span>
     <span class='ocr_line' id='line_1_33' title="bbox 119 3089 939 3168; baseline 0.006 -20"><span class='ocrx_word' id='word_1_208' title='bbox 119 3095 146 3148; x_wconf 88' lang='lat' dir='ltr'>N</span> <span class='ocrx_word' id='word_1_209' title='bbox 148 3113 180 3149; x_wconf 90' lang='lat' dir='ltr'><strong>ec</strong></span> <span class='ocrx_word' id='word_1_210' title='bbox 193 3095 290 3164; x_wconf 93' lang='lat' dir='ltr'><strong>procul</strong></span> <span class='ocrx_word' id='word_1_211' title='bbox 304 3095 497 3161; x_wconf 78' lang='lat' dir='ltr'><strong>Haemonides,</strong></span> <span class='ocrx_word' id='word_1_212' title='bbox 512 3097 616 3150; x_wconf 90' lang='lat' dir='ltr'><strong>Phoebi</strong></span> <span class='ocrx_word' id='word_1_213' title='bbox 630 3089 792 3168; x_wconf 80' lang='lat' dir='ltr'><strong>Triviaeqn‘e</strong></span> <span class='ocrx_word' id='word_1_214' title='bbox 805 3099 939 3168; x_wconf 82' lang='lat' dir='ltr'><strong>sacerdos,</strong></span> 
     </span>
     <span class='ocr_line' id='line_1_34' title="bbox 119 3183 751 3254; baseline 0.005 -18"><span class='ocrx_word' id='word_1_215' title='bbox 119 3183 214 3236; x_wconf 78' lang='lat' dir='ltr'><strong>Insula</strong></span> <span class='ocrx_word' id='word_1_216' title='bbox 226 3183 271 3237; x_wconf 89' lang='lat' dir='ltr'><strong>cni</strong></span> <span class='ocrx_word' id='word_1_217' title='bbox 284 3199 363 3237; x_wconf 85' lang='lat' dir='ltr'><strong>sacra</strong></span> <span class='ocrx_word' id='word_1_218' title='bbox 375 3183 522 3237; x_wconf 88' lang='lat' dir='ltr'><strong>redimibat</strong></span> <span class='ocrx_word' id='word_1_219' title='bbox 534 3190 661 3253; x_wconf 89' lang='lat' dir='ltr'><strong>tempora</strong></span> <span class='ocrx_word' id='word_1_220' title='bbox 675 3186 751 3254; x_wconf 87' lang='lat' dir='ltr'><strong>vitta,</strong></span> 
     </span>
     <span class='ocr_line' id='line_1_35' title="bbox 119 3270 867 3340; baseline 0.007 -17"><span class='ocrx_word' id='word_1_221' title='bbox 119 3271 206 3325; x_wconf 88' lang='lat' dir='ltr'><strong>Totus</strong></span> <span class='ocrx_word' id='word_1_222' title='bbox 219 3270 368 3324; x_wconf 88' lang='lat' dir='ltr'><strong>conlucens</strong></span> <span class='ocrx_word' id='word_1_223' title='bbox 380 3276 457 3325; x_wconf 87' lang='lat' dir='ltr'><strong>veste</strong></span> <span class='ocrx_word' id='word_1_224' title='bbox 470 3277 552 3340; x_wconf 88' lang='lat' dir='ltr'><strong>atque</strong></span> <span class='ocrx_word' id='word_1_225' title='bbox 564 3272 718 3340; x_wconf 82' lang='lat' dir='ltr'><strong>insignibus</strong></span> <span class='ocrx_word' id='word_1_226' title='bbox 730 3273 828 3328; x_wconf 87' lang='lat' dir='ltr'><strong>armis:</strong></span> <span class='ocrx_word' id='word_1_227' title='bbox 864 3313 867 3319; x_wconf 84' lang='lat'>-</span> 
     </span>
     <span class='ocr_line' id='line_1_36' title="bbox 120 3356 922 3429; baseline 0.007 -19"><span class='ocrx_word' id='word_1_228' title='bbox 120 3356 208 3422; x_wconf 81' lang='lat' dir='ltr'><strong>Quem</strong></span> <span class='ocrx_word' id='word_1_229' title='bbox 222 3374 386 3426; x_wconf 84' lang='lat' dir='ltr'><strong>congressus</strong></span> <span class='ocrx_word' id='word_1_230' title='bbox 400 3359 457 3426; x_wconf 83' lang='lat' dir='ltr'><strong>agit</strong></span> <span class='ocrx_word' id='word_1_231' title='bbox 471 3375 575 3427; x_wconf 73' lang='lat' dir='ltr'><strong>campo,</strong></span> <span class='ocrx_word' id='word_1_232' title='bbox 590 3358 752 3428; x_wconf 89' lang='lat' dir='ltr'><strong>lapsumque</strong></span> <span class='ocrx_word' id='word_1_233' title='bbox 765 3367 922 3429; x_wconf 84' lang='lat' dir='ltr'><strong>superstans</strong></span> 
     </span>
     <span class='ocr_line' id='line_1_37' title="bbox 118 3444 872 3514; baseline 0.004 -17"><span class='ocrx_word' id='word_1_234' title='bbox 118 3444 256 3512; x_wconf 79' lang='lat' dir='ltr'><strong>Immolet,</strong></span> <span class='ocrx_word' id='word_1_235' title='bbox 271 3445 431 3514; x_wconf 81' lang='lat' dir='ltr'><strong>ingentique</strong></span> <span class='ocrx_word' id='word_1_236' title='bbox 445 3445 541 3500; x_wconf 85' lang='lat' dir='ltr'><strong>umbra</strong></span> <span class='ocrx_word' id='word_1_237' title='bbox 553 3445 637 3514; x_wconf 84' lang='lat' dir='ltr'><strong>tegit;</strong></span> <span class='ocrx_word' id='word_1_238' title='bbox 659 3463 736 3500; x_wconf 89' lang='lat' dir='ltr'><strong>arma</strong></span> <span class='ocrx_word' id='word_1_239' title='bbox 748 3447 872 3501; x_wconf 85' lang='lat' dir='ltr'><strong>Serestus</strong></span> 
     </span>
     <span class='ocr_line' id='line_1_38' title="bbox 117 3532 870 3603; baseline 0.004 -18"><span class='ocrx_word' id='word_1_240' title='bbox 117 3532 202 3588; x_wconf 86' lang='lat' dir='ltr'><strong>Lecta</strong></span> <span class='ocrx_word' id='word_1_241' title='bbox 214 3533 300 3587; x_wconf 83' lang='lat' dir='ltr'><strong>refert</strong></span> <span class='ocrx_word' id='word_1_242' title='bbox 313 3533 425 3599; x_wconf 89' lang='lat' dir='ltr'><strong>umoris,</strong></span> <span class='ocrx_word' id='word_1_243' title='bbox 440 3533 498 3598; x_wconf 91' lang='lat' dir='ltr'><strong>tibi,</strong></span> <span class='ocrx_word' id='word_1_244' title='bbox 514 3549 562 3586; x_wconf 83' lang='lat' dir='ltr'><strong>rex</strong></span> <span class='ocrx_word' id='word_1_245' title='bbox 576 3533 704 3599; x_wconf 86' lang='lat' dir='ltr'><strong>Gradive,</strong></span> <span class='ocrx_word' id='word_1_246' title='bbox 718 3538 870 3603; x_wconf 85' lang='lat' dir='ltr'><strong>tropaeum.</strong></span> 
     </span>
    </p>
   </div>
   <div class='ocr_carea' id='block_1_3' title="bbox 0 0 1332 3940">
    <p class='ocr_par' dir='ltr' id='par_1_3' title="bbox 0 0 1332 3940">
     <span class='ocr_line' id='line_1_39' title="bbox 0 0 1332 3940; baseline 0 3"><span class='ocrx_word' id='word_1_247' title='bbox 0 0 1332 3940; x_wconf 95' lang='lat' dir='ltr'><strong> </strong></span> 
     </span>
    </p>
   </div>
  </div>
 </body>
</html>
