2656 3940
542 209 681 258 VERGILI
703 208 868 260 AENEIDOS
889 209 920 259 X.

224 373 362 442 Expertes
374 371 439 426 belli
451 373 579 440 invenes3
600 377 643 427 ast
654 372 716 427 Ilva
726 376 874 439 trecentos,

223 461 318 515 Insula
329 461 500 514 inexhaustis
512 459 667 527 Chalybum
680 476 814 528 generosa
825 459 950 515 metallis.

224 549 340 616 Tertius,
354 549 401 602 ille
412 549 556 602 hominum
569 547 717 616 divomque
729 548 866 617 interpres
878 547 978 616 Asilas,

225 636 274 690 Cui
288 636 424 705 pecudum
436 634 530 701 fibrae,
546 635 615 688 eseli
628 635 672 688 eui
686 635 776 690 sidera
788 641 886 704 parent

223 725 260 778 Et
273 724 382 791 linguae
395 723 537 776 volucrum
550 727 578 776 et
590 723 714 791 praesagi
727 723 850 778 fulminis
861 724 946 791 ignes,

224 810 299 863 Mille
312 810 385 878 rapit
397 809 496 863 densos
508 809 566 864 acie
579 818 661 878 atque
674 809 850 864 horrentibus
861 809 956 864 hastis.

224 897 283 950 Hos
295 914 392 966 parere
404 897 501 951 iubent
516 897 640 964 Alpheae
651 898 685 950 ab
698 898 804 966 origine
817 897 904 966 Pisae,

224 985 297 1038 Urbs
309 985 425 1038 Etrusca
437 984 503 1038 solo.
541 984 671 1053 Sequitur
683 985 883 1052 puleherrimus
895 985 990 1050 Astur,

223 1074 311 1126 Astur
324 1088 394 1141 equo
406 1070 494 1124 fidens
507 1078 535 1124 et
547 1071 757 1141 versicoloribus
770 1073 859 1126 armis.

224 1159 398 1220 Tercentum
412 1157 658 1224 adiciunt-mens
671 1157 799 1211 omnibus
812 1174 867 1211 una
878 1157 1042 1226 sequendi—

224 1246 277 1312 Qui
292 1231 407 1300 Caerete
420 1244 509 1312 domo,
526 1244 571 1312 qui
585 1253 649 1296 sunt
661 1243 790 1298 Minionis
802 1245 831 1297 in
845 1245 925 1313 arvis,

223 1333 260 1386 Et
272 1332 358 1401 Pyrgi
371 1325 485 1399 veteres,
498 1331 733 1400 intempestaeque
746 1331 901 1386 Graviscae.

259 1420 324 1474 Non
337 1437 388 1488 ego
401 1425 436 1487 te,
451 1419 580 1486 Ligurum
595 1418 694 1472 ductor
706 1419 855 1473 fortissime
867 1419 946 1488 bello,

224 1508 397 1574 Transierim‚
411 1506 521 1573 Cinyra,
536 1511 564 1558 et
575 1507 671 1574 paneis
683 1507 812 1560 comitate
825 1506 945 1575 Cupauo,

224 1595 309 1648 Cuius
322 1593 445 1647 olorinae
457 1600 574 1660 surgunt
586 1592 620 1646 de
634 1593 735 1646 vertiee
749 1610 901 1662 pennae,-

160 1721 163 1728 .
224 1681 337 1734 Crimen
351 1697 427 1734 anaor
441 1679 755 1748 vestrum—formaeque
767 1681 874 1748 insigne
887 1686 1027 1748 paternae.

225 1769 354 1838 Namque
367 1771 459 1822 ferunt
471 1770 548 1823 luetu
562 1769 686 1834 Cyonum
698 1767 881 1822 Phaethontis
892 1767 983 1835 amati,

224 1856 360 1925 Populeas
372 1857 445 1911 inter
458 1857 571 1910 frondes
583 1856 763 1924 umbramque
779 1871 904 1908 sororum

223 1945 297 1999 Dum
311 1947 386 2000 eanit
399 1953 427 2001 et
441 1951 575 2000 maestum
587 1945 667 2000 Musa
679 1945 784 1999 solatur
798 1959 927 2010 amorem,

224 2033 375 2097 Canentem
388 2034 464 2088 molli
478 2035 571 2104 pluma
582 2033 692 2087 duxisse
704 2039 850 2100 senectam,

223 2121 406 2191 Linquentem
418 2128 508 2177 terras
520 2129 549 2176 et
561 2122 650 2178 sidera
663 2139 730 2175 vooe
743 2127 911 2189 sequentem.

223 2209 316 2276 Filius,
331 2211 451 2280 aequalis
464 2211 612 2265 eomitatus'
625 2211 709 2266 alasse
726 2215 857 2272 catervas,

224 2298 366 2366 Ingentem
380 2299 463 2351 remis
476 2298 643 2353 Centaurum
656 2303 815 2367 promovet:
835 2297 882 2351 ille

223 2385 313 2439 Instat
325 2402 411 2454 aquae
424 2402 573 2453 saxumque
586 2386 666 2439 undis
677 2385 796 2438 immane
808 2385 929 2438 minatur

224 2473 344 2540 Arduus,
359 2479 387 2527 et
399 2474 482 2541 longa
494 2473 582 2527 sulcat
594 2474 680 2526 maria
693 2472 749 2526 alta
761 2474 861 2526 aerina.

258 2560 308 2614 Ille
321 2562 403 2615 etiam
417 2562 515 2630 patriis
527 2577 625 2629 agmen
638 2563 693 2615 ciet
705 2561 799 2614 Oenus
810 2561 844 2614 ab
857 2560 920 2627 oris,

223 2646 364 2702 Fatidieae
376 2648 487 2702 Mantus
500 2653 527 2702 et
540 2648 619 2702 Tu'soi
633 2647 704 2701 filius
717 2648 812 2715 amnis,

224 2734 278 2800 Qui
291 2753 385 2789 muros
396 2737 545 2805 matrisque
559 2735 635 2789 dedit
648 2736 707 2802 tibi,
722 2735 842 2803 Mantua,
856 2751 965 2811 nomen,

223 2821 344 2891 Mantua,
359 2824 436 2876 dives
449 2825 523 2889 avis3
545 2822 593 2876 sed
606 2839 662 2875 non
675 2839 761 2890 genus
772 2823 901 2876 omnibus
913 2837 1012 2875 unum:

223 2910 298 2964 Gens
311 2910 349 2963 illi
362 2910 471 2978 triplex,
486 2910 581 2979 populi
593 2911 644 2963 sub
656 2916 738 2978 gente
752 2911 894 2978 quaterni3

223 2997 287 3066 ipsa
299 3004 382 3066 eaput
394 2997 517 3066 populis3
539 2997 626 3050 Tusoo
640 2997 674 3051 de
687 2997 818 3065 sanguine
831 2998 911 3050 vires.

223 3086 295 3139 Hine
309 3102 416 3155 quoque
429 3085 594 3153 quingentos
605 3085 633 3137 in
647 3101 676 3138 se
688 3084 840 3138 Mezentius
853 3089 949 3151 armat,

223 3173 298 3236 Quos
311 3181 388 3239 patre
401 3171 511 3226 Benaco
524 3171 630 3226 velatus
642 3171 797 3225 harundine
810 3171 906 3239 glensa

223 3259 339 3313 Mincius
351 3260 454 3313 infesta
467 3260 583 3313 ducebat
595 3260 623 3312 in
638 3276 758 3328 aequora
770 3259 846 3326 pinu.

222 3346 249 3398 lt
261 3347 351 3411 gravis
364 3346 500 3414 Aulestes,
515 3353 684 3415 centenaque
697 3347 795 3400 arbore
808 3345 921 3399 fluotnm

223 3432 361 3485 Verberat
374 3433 535 3498 adsurgens:
557 3440 686 3500 spumant
699 3434 769 3487 vada
780 3449 919 3486 marmore
932 3447 1019 3486 verso·

223 3519 305 3572 Hune
318 3519 394 3572 vehit
406 3520 533 3573 immanis
545 3519 642 3573 Triton
655 3525 683 3574 et
695 3519 804 3574 caerula
816 3521 922 3574 eonoha
