2730 3936
432 215 571 265 vanuum
594 215 781 264 uaoufflcon
806 215 850 265 lV.

128 379 353 447 Contemplator:
375 394 461 447 aquas
470 377 557 430 dulcis
569 382 597 431 et
609 377 725 430 frondea
737 393 844 445 semper

128 463 210 518 Tecta
224 470 330 534 petunt.
369 465 432 519 Huc
444 469 475 518 tu
488 465 576 518 iussos
588 481 702 532 asperge
714 481 834 532 sapores,

127 552 202 606 Trita
215 552 392 621 melisphylla
404 556 433 605 et
445 551 587 605 cerinthae
599 551 720 620 ignobile
732 568 855 620 gramen,

127 639 310 708 Tinnitusque
323 640 364 693 oie
378 645 407 693 et
418 638 517 692 Matris
530 643 611 707 quate
624 638 750 705 cymbala
763 639 881 692 circum:

127 725 204 794 Ipsae
218 726 365 780 consident
376 725 521 780 medicatis
533 725 652 793 sedibus,
666 726 743 793 ipsae

126 811 231 868 Intima
243 830 322 868 more
335 831 384 868 suo
397 830 456 868 sese
467 815 498 865 in
510 812 647 867 cunabula
659 813 787 866 condent.

161 900 210 954 Sin
223 907 318 955 autem
332 901 366 954 ad
379 916 501 969 pugnam
513 899 732 954 exierint-nam
745 917 826 969 saepe
839 899 948 956 duobus

126 986 250 1057 Regibus
263 988 374 1042 incessit
385 1005 486 1056 magno
498 987 635 1042 discordia
646 993 740 1055 motu;

127 1074 324 1144 Continuoque
336 1076 443 1130 animos
455 1075 529 1142 volgi
543 1079 571 1129 et
584 1075 751 1144 trepidantia
764 1076 835 1129 bello

126 1163 218 1218 Corda
229 1164 298 1218 licet
310 1162 393 1232 longe
405 1163 602 1232 praesciscer03
623 1179 741 1232 namque
753 1163 888 1218 morantis

125 1250 245 1305 Martius
256 1251 303 1305 ille
315 1251 386 1305 aeris
398 1251 474 1304 rauci
488 1266 572 1304 canor
584 1252 718 1320 increpat,
734 1255 762 1304 et
775 1267 829 1304 vox

126 1337 251 1392 Auditur
263 1339 365 1392 fractos
377 1338 483 1392 sonitus
495 1338 602 1393 imitata
613 1340 758 1406 tubarum3

126 1425 193 1478 Tum
208 1426 336 1494 trepidae
348 1426 422 1478 inter
434 1442 462 1479 se
475 1430 584 1494 coeunt,
599 1426 751 1494 pennisque
764 1431 917 1493 coruscant,

126 1512 293 1582 Spiculaque
306 1519 444 1568 exacuunt
456 1513 561 1582 rostris,
576 1519 725 1582 aptantque
737 1513 863 1581 lacertos,

126 1599 162 1652 Et
175 1601 252 1654 circa
264 1617 356 1668 regem
370 1605 452 1668 atque
464 1599 525 1669 ipsa
537 1600 572 1654 ad
585 1600 723 1668 praetoria
735 1600 836 1654 densae

126 1685 288 1757 Miscentur,
304 1688 462 1756 magnisque
477 1693 578 1741 vocant
589 1685 755 1740 elamoribus
768 1688 912 1741 hostem-

126 1765 200 1844 E'rgo
213 1775 263 1828 ubi
279 1790 325 1827 ver
337 1781 434 1828 nactae
447 1774 544 1827 sudum
558 1791 724 1844 camposque
738 1776 864 1843 patentis,

126 1858 287 1932 Erumpunt
300 1865 404 1932 portis:
425 1865 613 1931 eonem-ritum
634 1864 746 1916 aethere
758 1863 786 1914 in
799 1863 856 1916 alto

126 1948 170 2004 Fit
183 1951 308 2018 sonitus3
328 1969 458 2020 magnum
472 1953 575 2007 nrixtae
587 1953 777 2022 glomerantur
789 1953 816 2004 in
830 1952 933 2021 orbem,

126 2035 353 2107 Praecipitesque
366 2039 485 2106 cadunt3
505 2056 562 2094 non
574 2039 686 2094 densior
698 2045 762 2094 abre
774 2039 886 2107 grando,

127 2123 186 2180 Nec
199 2127 237 2180 de
249 2143 382 2182 concussa
394 2133 502 2182 tantum
515 2127 587 2196 pluit
598 2128 661 2181 ilice
673 2126 787 2196 glandis.

127 2211 182 2282 Ipsi
195 2231 248 2283 per
260 2215 364 2268 medias
377 2215 449 2269 acies
461 2215 615 2284 insignibus
628 2214 678 2268 alis

127 2297 254 2368 Ingentis
264 2301 371 2354 animos
384 2306 501 2369 angusto
513 2300 540 2353 in
555 2299 667 2369 pectore
681 2305 800 2369 versant,

127 2384 221 2457 Usque
236 2387 304 2442 adeo
318 2388 414 2442 obnixi
427 2405 482 2442 non
497 2388 602 2457 cedere,
617 2388 683 2441 dum
695 2388 787 2456 gravis
800 2392 847 2441 aut
859 2387 911 2440 hos

128 2473 186 2528 Aut
199 2475 253 2528 hos
265 2492 344 2529 versa
356 2475 424 2544 fuga
437 2476 525 2529 victer
536 2475 603 2529 dare
614 2480 694 2544 terga
706 2475 821 2542 subegit.

128 2561 164 2615 Hi
176 2570 270 2617 motus
283 2564 436 2617 animorum
452 2567 534 2632 atque
547 2562 616 2616 haec
630 2563 780 2616 cemaminu
792 2567 872 2616 tanta

128 2649 254 2705 Pulveris
267 2652 358 2719 exigui
371 2650 446 2704 iaetu
460 2666 617 2718 compressa
630 2650 782 2718 quiescunt.
794 2710 812 2728 ι,

128 2735 234 2791 Verum
246 2737 294 2790 ubi
307 2737 437 2791 ductores
449 2737 507 2791 acie
519 2737 692 2790 revocaveris
705 2737 794 2804 ambe,

129 2823 259 2879 Deterior
271 2825 316 2894 qui
329 2825 412 2891 visus,
427 2841 498 2892 eum,
512 2841 548 2878 ne
560 2823 692 2893 prodigus
705 2825 785 2891 obsit,

130 2911 205 2966 Dede
217 2913 294 2979 neci3
315 2912 414 2966 melior
425 2929 511 2966 vacua
524 2912 582 2965 sine
595 2916 694 2981 regnet
706 2913 735 2964 in
749 2911 819 2965 aula.

130 2999 209 3054 Alter
221 3001 274 3054 erit
287 2999 402 3053 maculis
415 3016 482 3052 auro
496 2999 684 3067 squalentibus
697 2998 831 3052 ardens-

130 3085 199 3141 Nam
213 3087 269 3141 duo
282 3092 348 3140 sunt
360 3086 542 3156 genera—hic
555 3087 659 3154 melior,
673 3087 789 3154 insignis
802 3090 831 3139 et
844 3101 899 3153 ore,

131 3173 165 3228 Et
177 3175 267 3228 rutilis
280 3175 371 3228 clarus
383 3173 518 3242 squamis3
539 3174 584 3226 ille
596 3173 726 3227 horridus
738 3173 808 3226 alter

131 3259 242 3316 Desidia
253 3261 393 3330 latamque
407 3260 520 3313 trahens
532 3260 664 3329 inglorius
678 3261 778 3314 alvum.

131 3346 168 3402 Ut
180 3349 260 3402 binae
273 3365 369 3416 regum
381 3348 476 3408 iacies
491 3347 531 3402 ita
543 3364 660 3416 corpora
671 3347 776 3416 plebis:

133 3432 255 3504 Namque
269 3436 338 3489 aliae
351 3441 448 3502 turpes
460 3433 581 3502 horrent,
596 3451 645 3488 ceu
659 3434 773 3502 pulvere
786 3433 820 3487 ab
833 3433 891 3488 alto

133 3521 199 3574 Cum
211 3523 289 3576 venit
302 3527 330 3577 et
342 3524 417 3576 sicco
430 3526 531 3574 terram
545 3521 619 3589 spuit
631 3538 678 3574 ore
693 3522 782 3574 viator·
