2706 3938
507 219 644 269 vnnelul
666 219 831 270 sunalbus
854 219 898 270 IV.

196 383 417 439 Laomedonteae
430 383 516 436 sentis
527 382 649 450 periuria
661 382 771 450 gentisi

195 470 269 535 Quid
281 470 358 522 turni
378 469 437 524 sola
448 470 516 538 iuga
527 474 625 522 nautas
638 469 792 523 comitabor
805 469 934 523 ovantis?

195 558 240 609 An
255 556 345 624 Tyriis
358 557 486 625 omnique
499 572 580 609 uranu
594 556 697 624 stipata
708 572 833 609 meorum

194 645 308 711 Inferar,
324 650 359 711 et,
375 659 444 712 quos
456 642 569 696 Sidonia
581 642 627 694 vix
640 643 707 696 urbe
719 643 823 707 revelli,

195 731 299 785 Rursus
313 747 392 798 agam
405 730 511 798 pelago,
526 735 554 783 et
567 731 657 783 ventis
669 729 736 784 dare
748 730 809 784 vela
821 730 939 784 iubeboi

195 816 269 881 Quin
281 831 397 879 morere,
412 820 444 868 nt
455 815 556 868 merita
568 831 605 881 es,
621 815 748 884 ferroque
761 823 855 868 averte
868 815 1001 870 dolorem.

194 903 236 956 Tu
246 903 367 956 lacrimis
381 903 472 956 evicta
484 902 560 967 meis,
575 907 605 955 tn
619 902 709 970 prima
720 902 859 956 furentem

194 991 253 1059 His,
268 1005 406 1059 germana,
421 988 501 1043 malis
513 1005 611 1042 oneras
623 993 706 1058 atque
718 990 804 1043 obicis
816 990 899 1043 hosti.

194 1078 260 1132 Non
272 1076 350 1132 licuit
362 1076 475 1132 thalami
489 1081 629 1145 expertem
643 1077 702 1130 sine
715 1077 828 1131 crimine
840 1078 928 1132 vitam

193 1166 309 1234 Degere,
324 1181 403 1218 more
415 1166 499 1232 ferae,
514 1163 577 1217 talis
588 1180 640 1218 nec
653 1171 766 1232 tangere
779 1165 874 1218 curasl

194 1253 259 1307 Non
272 1258 381 1306 servate
393 1251 468 1319 fides,
483 1251 568 1305 cineri
581 1251 715 1320 promisso
727 1251 866 1318 Sycheeoi
878 1251 895 1278 ’'

194 1340 299 1393 Tantos
311 1339 359 1392 ille
371 1355 421 1392 suo
434 1338 582 1407 rumpebat
594 1343 707 1406 pectore
720 1343 839 1406 questus.

230 1427 340 1480 Aeneas
352 1426 424 1480 celsa
436 1425 465 1478 in
477 1426 571 1494 puppi,
585 1423 641 1480 iam
655 1431 746 1479 certus
758 1425 849 1495 eundi,

195 1515 334 1584 carpebat
345 1532 465 1583 somnos,
478 1515 561 1568 rebus
572 1514 627 1568 iem
641 1513 694 1567 rite
706 1513 817 1582 parutis.

194 1603 267 1656 Huic
280 1619 308 1656 se
321 1603 411 1656 forma
422 1601 467 1656 dei
480 1601 557 1655 voltu
570 1601 712 1655 redeuntis
725 1600 821 1654 eodem

194 1691 303 1745 Obtulit
316 1693 344 1744 in
361 1693 472 1760 somnis,
486 1709 633 1762 rursusque
646 1693 686 1746 ite
699 1693 758 1746 visa
770 1708 882 1746 monere
894 1697 945 1758 est,

195 1777 295 1831 Omnia
307 1778 445 1833 Mercurio
458 1780 561 1846 similis,
575 1795 726 1848 vocemque
739 1778 915 1846 coloremque

193 1868 231 1922 Et
243 1871 327 1924 crinis
339 1870 425 1924 flavos
438 1876 465 1924 et
478 1872 603 1925 membra
614 1871 715 1924 decora
727 1871 854 1922 iuventa:

194 1959 210 1985 ‘⁴
219 1957 292 2012 Note
305 1958 363 2026 dea,
378 1964 458 2028 potes
469 1959 523 2013 hoo
536 1959 587 2012 sub
600 1975 663 2012 casu
677 1958 778 2011 ducere
790 1973 908 2023 somnos,

191 2045 259 2114 Nec,
274 2064 344 2116 quae
356 2055 385 2101 te
397 2048 500 2102 circum
514 2053 587 2100 stent
600 2046 700 2100 deinde
713 2046 842 2116 pericula,
857 2046 953 2112 cernis,

191 2132 320 2202 Demens,
336 2151 387 2188 nee
399 2135 540 2204 Zephyros
553 2135 631 2188 audis
643 2135 748 2203 spirare
761 2133 913 2188 secundosi

191 2219 241 2274 Illa
253 2220 332 2276 dolos
344 2222 487 2293 dirumque
498 2223 578 2278 neies
590 2224 617 2276 in
630 2229 743 2292 pectore
755 2231 855 2289 versat,

191 2310 275 2364 Certa
287 2311 365 2379 mori,
380 2311 511 2380 varioque
523 2311 627 2365 irarum
640 2311 756 2365 fluctuet
769 2317 854 2366 aestu.

191 2397 256 2451 Non
267 2397 341 2465 iugis
354 2397 418 2451 hinc
430 2415 570 2466 praeceps,
585 2398 651 2452 dum
664 2399 845 2467 praecipitare
856 2397 997 2467 potestas?

190 2485 248 2539 lam
262 2503 337 2539 mare
349 2486 454 2540 turbari
468 2485 599 2555 trabibus,
614 2503 762 2556 saevasque
774 2487 880 2541 videbis

192 2571 344 2626 Oonluoere
357 2573 441 2638 iaces,
454 2573 507 2627 iam
522 2575 629 2628 fervere
640 2574 726 2628 litora
736 2574 862 2642 flammis,

191 2659 219 2713 Si
232 2665 260 2713 te
272 2659 317 2713 his
329 2660 453 2728 attigerit
464 2662 548 2714 terris
563 2662 672 2715 Aurora
684 2668 847 2717 morantem.

190 2746 261 2802 Heia
273 2765 330 2816 age,
345 2765 442 2817 rumpe
454 2765 552 2802 mores.
592 2749 708 2803 Varium
721 2755 749 2803 et
761 2749 893 2804 mutabile
905 2765 1015 2818 semper

190 2834 331 2889 Feminu.”
369 2835 415 2889 Sic
427 2836 502 2889 fatus
514 2836 588 2890 noeti
602 2853 631 2890 se
644 2836 793 2890 immiscuit
806 2843 890 2891 atrae.

225 2923 294 2976 Tum
308 2940 374 2976 vero
388 2923 502 2990 Aeneas,
518 2923 615 2977 subitis
627 2924 775 2978 exterritus
788 2924 899 2993 umbris,

191 3009 313 3078 Corripit
326 3027 341 3064 1
353 3027 450 3064 somno
464 3026 564 3078 corpus
577 3010 718 3079 sociosque
729 3011 842 3079 fatigat:

191 3096 385 3165 “Praecipites
396 3097 517 3165 vigilate,
533 3098 593 3165 viri,
608 3103 636 3152 et
649 3097 783 3152 considite
796 3097 940 3161 transtrisr

190 3181 295 3237 Solvite
308 3183 370 3238 vela
383 3184 438 3237 citi.
477 3183 552 3238 Dens
566 3185 677 3238 aethere
690 3185 790 3238 missus
802 3186 837 3238 ab
851 3185 908 3240 alto

190 3269 332 3324 Festinare
345 3271 438 3338 fugam
454 3275 595 3339 tortosque
606 3271 729 3325 incidere
741 3273 818 3326 funis

190 3352 261 3408 Ecce
274 3356 375 3408 iterum
389 3356 520 3410 stimulat.
558 3357 705 3426 Sequimur
717 3363 753 3426 te,
768 3364 863 3412 sancte
876 3359 1000 3428 deornm,

191 3441 321 3510 Quisquis
334 3460 370 3510 es,
382 3443 552 3513 imperioque
565 3445 665 3499 iterum
679 3462 807 3513 paremus
820 3451 941 3501 ovantes.

190 3527 274 3580 Adsis
286 3545 302 3580 o
315 3527 491 3596 placidusque
503 3530 589 3598 iuves,
603 3538 632 3584 et
643 3531 734 3585 sidera
746 3533 823 3586 caelo
