2656 3940
409 225 547 275 vnadltl
569 225 734 274 Annalnos
756 225 787 276 X.

80 386 244 442 Missilibus.
283 387 361 441 Furit
374 388 491 455 Aeneas,
504 393 648 456 tectusque
661 393 739 440 tenet
752 404 789 442 se.

80 477 125 530 Ac
138 475 219 528 velut
233 475 320 529 effusa
333 476 356 528 si
369 475 479 545 qnando
491 475 626 542 grandine
639 475 726 528 nimbi

80 562 284 631 Praecipitant,
299 563 390 616 omnis
402 563 507 631 campis
520 562 634 630 diffugit
646 567 748 626 arator,

81 649 183 702 Omnis
196 657 224 702 et
239 649 366 718 agricola,
381 655 409 703 et
421 655 482 704 tuta
494 649 564 703 latet
577 665 640 702 arce
653 648 751 717 viator,

82 731 141 790 Aut
156 737 248 791 amnis
260 737 335 805 ripis,
350 743 398 790 aut
411 737 459 790 alti
471 736 577 790 fornice
590 736 656 803 saxi,

81 824 156 877 Dum
171 824 246 893 pluit
257 825 286 876 in
299 826 388 892 terris,
404 832 434 877 ut
448 825 556 892 possint
569 824 626 878 sole
639 823 754 878 reducto

81 912 222 965 Exeruere
235 911 325 965 diem:
346 912 385 964 sic
401 911 650 980 obrutus‘undique
662 912 725 965 telis

81 999 197 1052 Aeneas
209 1000 313 1052 nubem
327 999 398 1064 belli,
415 999 479 1052 dum
495 998 611 1052 detonet
623 1000 721 1064 omnis,

82 1085 217 1154 Sustinet,
232 1091 261 1139 et
273 1085 391 1140 Lausum
404 1086 554 1154 increpitat
569 1084 711 1154 Lausoque
724 1087 862 1141 minatur:

84 1172 174 1238 “Quo
186 1173 320 1226 moriture
333 1174 397 1240 ruis,
411 1174 569 1242 maioraque
583 1172 688 1226 viribus
701 1173 804 1227 audeat

83 1260 168 1313 Fallit
181 1265 210 1312 te
223 1261 366 1313 incautum
378 1261 464 1329 pietas
478 1260 553 1314 tua.'’
592 1258 620 1312 N
621 1277 652 1312 ec
666 1260 758 1313 minus
769 1260 816 1314 ille

83 1347 216 1400 Exsultat
229 1347 356 1414 demens3
378 1364 475 1401 saevae
488 1348 597 1416 iamque
612 1347 694 1400 altius
706 1347 764 1400 irae

83 1435 228 1488 Dardanio
241 1440 358 1503 snrgunt
370 1435 486 1501 ductori,
501 1440 680 1503 extremaque
693 1434 783 1488 Lauso

84 1522 189 1576 Pareae
202 1522 250 1575 fila
262 1522 375 1589 legunt:
396 1522 517 1576 validum
532 1539 650 1591 uanique
665 1523 751 1590 exigit
766 1539 857 1576 ensem

84 1609 140 1663 Per
151 1609 273 1663 medinm
287 1609 397 1662 Aeneas
409 1610 544 1675 invenem,
559 1617 705 1679 totumque
719 1610 852 1665 recondit.

84 1696 206 1751 Transiit
219 1701 248 1748 et
259 1711 383 1765 parmam
396 1713 499 1764 mucro,
514 1698 586 1751 levia
599 1713 676 1751 arma
690 1697 813 1764 minacis,

84 1783 120 1836 Et
133 1783 268 1850 tunicam,
281 1782 359 1836 molli
372 1789 461 1837 mater
472 1801 553 1853 qnam
566 1791 681 1838 neverat
695 1800 771 1852 auro,

84 1869 271 1938 Implevitque
284 1869 373 1924 sinum
386 1871 513 1940 sangnis,
533 1877 593 1924 tum
606 1872 664 1925 vita
677 1888 727 1940 per
739 1887 821 1926 auras

85 1956 230 2011 concessit
242 1963 348 2011 maesta
359 1958 394 2012 ad
407 1958 503 2028 Manis,
518 1975 671 2027 corpusque
684 1959 802 2028 reliquit.

85 2047 125 2099 At
136 2062 205 2099 vero
219 2051 250 2098 ut
262 2045 370 2099 voltum
383 2047 454 2101 vidit
465 2048 608 2102 morientis
621 2053 650 2101 et
663 2065 720 2114 ora,

85 2133 141 2187 Ora
153 2133 246 2186 modis
258 2133 440 2189 Anchisiades
452 2135 583 2203 pallentia
595 2136 679 2204 miris,

84 2220 226 2288 Ingemuit
239 2221 372 2274 miserans
383 2223 510 2290 graviter,
525 2223 706 2293 dextramque
719 2225 847 2294 tetendit,

84 2307 121 2360 Et
132 2315 256 2362 mentem
269 2309 374 2377 patriae
387 2310 468 2364 subiit
480 2311 593 2378 pietatis
604 2312 703 2381 imago.

87 2395 186 2460 “Quid
198 2395 250 2448 tibi
263 2411 344 2463 nune,
359 2397 512 2451 miserande
525 2415 602 2466 puer,
617 2416 668 2467 pro
681 2400 807 2454 laudibus
817 2401 887 2468 istis,

85 2483 158 2548 Quid
171 2483 234 2551 pius
247 2483 357 2536 Aeneas
367 2488 445 2537 tanta
457 2485 534 2538 dabit
546 2486 640 2540 indole
652 2487 783 2555 dignum?

86 2573 180 2636 Arma,
195 2570 295 2638 quibus
307 2571 432 2640 laetatus,
447 2572 518 2626 habe
532 2579 596 2642 tua;
618 2579 699 2643 teque
711 2581 856 2642 parentum

85 2657 214 2712 Manibus
226 2663 255 2710 et
267 2658 360 2725 cineri,
374 2659 397 2712 si
411 2675 464 2727 qua
476 2665 517 2713 est
530 2677 562 2715 ea
575 2677 649 2730 cura,
665 2663 786 2716 remitto.

85 2745 144 2798 Hoc
157 2750 255 2799 tamen
268 2745 362 2798 infelix
376 2746 503 2800 miseram
518 2748 643 2802 solabere
656 2758 790 2803 mortem:

85 2833 197 2886 Aeneae
211 2833 303 2900 magni
315 2833 414 2887 dextra
426 2834 527 2888 cadis.”
565 2835 696 2904 Increpat
708 2837 783 2890 ultro

85 2919 250 2974 Ounetantis
262 2921 359 2988 socios,
374 2926 403 2976 et
414 2926 490 2976 terra
502 2923 627 2976 sublevat
639 2923 737 2991 ipsum,

85 3006 224 3075 Sanguine
237 3013 394 3076 turpantem
409 3016 534 3078 comptos
545 3009 580 3063 de
591 3027 670 3064 more
682 3011 803 3079 capillos.

119 3094 231 3148 Interea
242 3095 354 3162 genitor
366 3095 490 3150 Tiberini
504 3097 539 3151 ad
552 3097 672 3151 fluminis
684 3099 786 3152 undam

85 3181 209 3236 Volnera
220 3183 342 3236 siccabat
354 3183 482 3251 lymphis,
498 3201 652 3253 corpusque
663 3185 775 3239 levabat

85 3269 201 3322 Arboris
214 3270 326 3324 acclinis
339 3279 447 3324 trunco.
486 3270 586 3325 Procul
598 3289 679 3326 aerea
692 3274 775 3326 ramis

84 3355 227 3426 Dependet
240 3358 326 3426 galea,
342 3366 371 3411 et
385 3362 466 3426 prato
478 3359 573 3425 gravia
585 3375 662 3412 arma
675 3360 827 3428 quiescunt.

83 3443 165 3498 Stant
175 3445 241 3499 lecti
255 3446 360 3499 circum
373 3444 502 3504 iuvenes:
522 3446 581 3512 ipse
595 3463 683 3513 aeger,
698 3447 838 3512 anhelans,

83 3531 159 3586 Colla
172 3534 256 3602 fovet,
271 3534 349 3586 fusus
362 3547 514 3600 propexam
528 3534 557 3586 in
571 3539 681 3601 pectore
695 3534 827 3603 barbam;
