2668 3942
397 219 536 269 VERGILI
558 219 723 270 AllNlllDOS
746 221 803 271 XII.

87 381 254 435 Excisurum
268 382 366 435 urbem
380 383 518 450 minitans,
535 388 563 436 et
576 384 685 437 saucius
697 384 791 438 instat.

89 469 217 536 Quinque
230 470 307 522 orbis
319 468 432 537 explent
444 485 534 535 cursu,
546 469 718 539 totidemque
731 476 863 525 retexunt

90 555 150 608 Huc
162 556 245 622 illuc;
266 571 356 624 neque
369 555 443 608 enim
455 555 529 610 levia
541 561 588 609 aut
600 556 707 611 ludicra
718 562 851 626 petuntur

89 642 226 710 Praemia,
242 643 290 696 sed
303 642 388 695 Turni
400 642 434 696 de
446 643 505 696 vita
517 649 545 696 et
558 644 691 712 sanguine
704 650 821 698 certant.

89 729 173 784 Forte
186 746 266 783 sacer
278 728 374 783 Fauno
385 730 460 783 toliis
472 730 589 784 oleaster
603 732 704 785 ameris

89 816 141 870 Hic
155 821 281 882 steterat,
295 817 387 870 nautis
400 817 464 870 olim
478 818 636 872 venerabile
649 819 763 888 lignum,

90 904 200 958 Servati
213 920 249 957 ex
262 903 341 956 undis
353 905 401 957 ubi
413 903 497 972 figere
510 905 583 959 dona
596 905 722 960 solebant

88 991 222 1045 Laurenti
236 991 302 1044 divo
315 997 433 1051 etvetus
446 992 612 1060 suspendere
626 999 729 1061 vestes;

89 1079 141 1132 Sed
155 1079 273 1147 stirpem
286 1077 383 1133 Teucri
396 1079 472 1132 nullo
486 1080 645 1134 discrimine
658 1098 765 1136 sacrum

89 1165 274 1232 Sustulerant,
288 1182 358 1234 puro
372 1170 402 1220 ut
415 1171 528 1234 possent
542 1183 705 1223 concurrere
717 1187 823 1239 campo.

89 1254 141 1307 Hic
153 1254 237 1306 hasta
250 1252 362 1306 Aeneae
375 1253 473 1321 stabat,
487 1254 541 1307 buo
553 1255 672 1324 impetus
684 1257 758 1311 illam

87 1341 244 1409 Detulerat,
258 1339 342 1393 fixam
357 1346 384 1394 et
396 1340 470 1394 lenta
484 1339 513 1394 in
530 1342 622 1396 radice
636 1345 757 1399 tenebat.

87 1427 221 1482 Incubuit
233 1426 377 1496 voluitque
389 1443 473 1480 manu
487 1429 642 1483 convellere
655 1431 760 1486 terrum

87 1515 274 1583 Dardanides,
288 1514 398 1583 teloque
411 1516 496 1585 sequi,
513 1534 593 1586 quem
606 1519 742 1586 prendere
754 1537 835 1574 eursu

88 1603 153 1657 Non
165 1608 287 1672 poterat.
325 1604 394 1656 Tum
408 1621 474 1657 vero
487 1620 581 1659 amens
593 1606 743 1660 tormidine
756 1607 872 1676 Turnus,

90 1693 106 1719 “
116 1691 223 1755 Fauno,
238 1706 344 1758 precor,
358 1691 516 1760 miserere,”
529 1693 619 1762 inquit
634 1695 745 1762 “tuque
758 1697 864 1763 optime
876 1697 981 1752 ferrum

88 1777 176 1832 Terra
189 1783 264 1847 tene,
279 1778 350 1832 colui
364 1785 470 1832 vestros
482 1780 506 1832 si
519 1797 627 1849 semper
638 1781 766 1849 bonores,

90 1866 167 1930 Quos
180 1870 280 1920 eontra
292 1866 439 1920 Aeneadae
452 1866 526 1921 bello
538 1868 630 1922 iecere
642 1870 803 1937 profanos.”

89 1954 178 2022 Dixit,
194 1970 329 2022 opemque
342 1953 386 2007 dei
400 1971 454 2008 non
469 1956 583 2009 caesuin
598 1964 662 2010 vota
675 1958 792 2013 vocavit.

89 2041 219 2111 Namque
232 2043 279 2096 diu
293 2042 399 2097 luctans
412 2043 544 2112 lentoque
555 2044 584 2096 in
598 2045 681 2112 stirpe
693 2051 818 2100 moratus

90 2130 208 2184 Viribus
220 2130 294 2184 haud
308 2130 371 2184 ullis
384 2130 471 2184 valuit
486 2130 639 2184 discludere
653 2147 760 2186 morsus

89 2218 211 2272 Roboris
225 2219 342 2272 Aeneas.
380 2217 454 2270 Dum
468 2218 566 2272 nititur
581 2234 643 2271 acer
656 2225 684 2271 et
696 2219 788 2288 instat,

89 2305 199 2359 Rursus
211 2307 241 2358 in
254 2307 363 2374 aurigae
375 2305 474 2360 faciem
487 2309 594 2358 mutata
606 2305 714 2360 Metisci

90 2393 237 2447 Procurrit
249 2394 384 2461 fratrique
397 2409 490 2446 ensem
504 2392 555 2446 dea
566 2391 674 2446 Daunia
687 2393 786 2447 reddit.

91 2479 174 2545 Quod
187 2480 284 2534 Venus
297 2480 393 2535 audaci
407 2479 555 2548 Nymphae
568 2479 709 2546 indignata
721 2479 814 2550 licere,

89 2569 227 2628 Accessit.
242 2569 380 2638 telumque
393 2569 450 2624 alta
462 2569 496 2622 ab
509 2568 603 2622 radice
615 2567 730 2622 revellit.

89 2656 147 2710 Olli
160 2656 300 2724 sublimes,
315 2657 398 2710 armis
410 2657 562 2725 animisque
574 2655 679 2724 refecti,

89 2744 144 2798 Hic
157 2744 252 2812 gladio
265 2744 358 2814 fideus,
372 2745 418 2798 hic
430 2761 493 2798 acer
506 2752 535 2798 et
547 2743 649 2797 arduus
661 2743 747 2812 hasta,

89 2833 243 2886 Adsistunt
255 2838 352 2886 contra
364 2833 515 2886 certamine
529 2832 626 2885 Martis
641 2821 740 2884 anheli.

126 2919 264 2972 Iunonem
276 2919 382 2974 interea
394 2919 455 2972 Rex
469 2919 670 2987 omnipotentis
686 2917 797 2986 Olympi

91 3007 272 3076 Adloquitur,
286 3006 363 3061 fulva
374 3023 481 3076 pugnas
493 3006 528 3060 de
541 3006 614 3060 nube
627 3012 767 3060 tuentem:

93 3096 110 3123 “
121 3095 199 3160 Quae
212 3095 268 3147 iem
281 3093 343 3147 linis
356 3094 417 3158 erit,
433 3093 571 3147 coniunxi
591 3095 655 3162 quid
671 3095 789 3162 denique
801 3095 907 3148 restatl

92 3182 247 3251 Indigetem
259 3180 374 3234 Aenean
387 3181 440 3233 sois
452 3180 519 3248 ipsa,
534 3185 562 3234 et
575 3181 646 3236 scire
659 3181 763 3249 fateris,

91 3267 195 3324 Deberi
209 3268 294 3336 eaelo,
310 3268 427 3336 fatisque
440 3267 475 3322 ad
488 3268 579 3321 sidera
589 3268 658 3322 tolli.

93 3357 167 3422 Quid
180 3356 271 3419 struis,
286 3360 335 3408 aut
347 3372 401 3424 que
414 3371 461 3422 spe
475 3354 572 3422 gelidis
584 3355 613 3409 in
626 3356 745 3409 nubibus
757 3356 874 3409 haeresi

91 3443 234 3499 Mortalin’
248 3442 342 3496 decuit
354 3442 451 3496 violari
463 3441 577 3496 volnere
590 3443 702 3496 divum?

92 3531 152 3585 Aut
165 3528 362 3598 ensem-quid
375 3528 449 3582 enim
463 3529 522 3582 sins
535 3535 563 3583 te
575 3528 693 3582 Iuturna
705 3529 811 3583 valeret
819 3529 869 3582 t-
