2656 3940
517 233 654 283 VERGILI
677 232 842 282 ansuinus
864 233 908 282 IX.

205 398 359 454 Transabiit
372 402 463 451 costas
476 403 504 451 et
517 396 634 450 candida
647 403 761 464 pectora
774 396 886 464 rumpit.

203 486 335 539 Volvitur
347 483 484 552 Euryalus
496 483 560 552 leto,
575 483 759 552 pulchrosque
772 499 821 551 per
833 488 911 536 artus

203 573 229 625 lt
241 590 330 642 cruor,
344 571 428 640 inque
442 588 552 624 umeros
565 571 658 624 cervix
673 570 804 639 conlapsa
814 571 964 624 recumbit:

202 660 361 728 Purpureus
376 659 461 712 veluti
475 675 536 712 curn
551 657 601 711 flos
614 658 735 712 succisus
747 662 840 712 aratro

202 747 365 814 Languescit
379 746 506 814 moriens,
521 745 628 799 lassove
641 762 779 814 papavere
792 744 862 799 collo

202 833 344 887 Demisere
357 839 447 901 capnt,
462 832 557 900 pluvie
570 848 632 885 cunr
644 833 720 885 forte
732 838 891 900 graventur.

203 922 242 973 At
255 920 338 974 Nisus
351 921 407 973 ruit
419 921 449 972 in
461 919 576 988 medios,
592 919 735 988 solumque
744 935 795 988 per
807 920 897 972 omnis
921 953 924 960 ·

202 1006 381 1063 Volscentem
394 1008 471 1076 petit,
486 1008 515 1060 in
529 1006 587 1059 solo
603 1006 755 1060 Volscente
768 1015 901 1060 moratur.

203 1095 289 1160 Quem
303 1096 406 1149 circum
419 1096 563 1163 glomerati
578 1094 673 1147 hostes
687 1093 752 1147 hino
765 1093 919 1147 comminus
932 1099 1014 1163 atque
1027 1093 1095 1148 hinc
1172 1097 1223 1147 440

202 1183 380 1237 Protirrbant.
417 1182 507 1237 Instat
519 1199 575 1236 non
589 1181 681 1246 setius,
701 1198 733 1234 ac
746 1189 822 1234 rotet
834 1197 926 1234 ensem

201 1270 382 1335 Fulmineum,
398 1270 487 1324 donec
499 1270 595 1322 Rutuli
608 1269 754 1322 clamantis
768 1269 797 1321 in
811 1285 859 1321 ore

202 1358 333 1411 Condidit
346 1357 469 1421 adverso,
485 1366 513 1411 et
526 1360 646 1412 moriens
660 1360 777 1413 animem
794 1356 907 1411 abstulit
919 1356 1001 1410 hosti.

201 1443 269 1496 Tum
283 1461 364 1513 super
377 1445 534 1498 exanimum
548 1462 607 1500 sese
618 1446 736 1513 proiecit
750 1445 868 1498 amicum

202 1531 359 1599 Confessus,
373 1531 536 1600 placidaque
549 1533 587 1585 ibi
600 1532 710 1586 demum
724 1537 813 1584 morte
831 1530 941 1598 quievit.

235 1618 381 1672 Fortunati
394 1620 489 1673 embol
512 1619 612 1688 siquid
628 1637 687 1674 mea
699 1617 822 1674 carmine
837 1623 959 1684 possunt,

201 1704 285 1759 Nulla
297 1705 356 1758 diss
367 1722 497 1775 umquam
511 1708 627 1761 memori
643 1724 692 1761 vos
708 1707 811 1760 eximet
823 1720 899 1770 aevo,

200 1793 273 1846 Dum
287 1793 385 1846 domus
396 1793 509 1847 Aeneae
522 1794 642 1864 Capitoli
654 1793 793 1847 immobile
807 1808 902 1844 sexum

201 1880 323 1949 Accolet,
338 1880 539 1949 imperiumque
552 1890 630 1949 pater
642 1882 782 1936 Romanus
796 1880 916 1934 hebebit.

235 1968 364 2022 Viatores
377 1967 479 2036 praeda
491 1967 588 2021 Rutuli
602 1970 749 2038 spoliisque
761 1970 852 2039 potiti,

200 2055 379 2109 Volscentem
392 2055 549 2108 exanimum
562 2054 661 2110 flentes
672 2058 702 2110 in
714 2063 804 2111 castra
816 2059 951 2111 ferebant.

199 2141 258 2196 Nee
272 2144 360 2195 minor
372 2143 402 2194 in
415 2142 512 2196 castris
523 2143 615 2196 luctus
627 2143 782 2198 Rhamnete
795 2151 905 2213 reperto

199 2229 338 2298 Exsengui
351 2237 379 2282 et
392 2230 489 2297 primis
501 2247 557 2284 una
569 2235 613 2284 tot
626 2232 708 2284 caede
720 2233 879 2301 peremptis,

199 2317 372 2386 Serranoque
385 2316 539 2386 Numaque.
577 2316 678 2385 Ingens
691 2335 837 2373 concursus
853 2319 888 2373 ad
900 2319 961 2387 ipse

199 2403 323 2472 Corpora
335 2404 533 2473 seminecisque
547 2405 621 2458 viros
634 2406 781 2475 tepidaque
796 2413 935 2460 recentem

199 2490 290 2544 Caede
302 2491 393 2545 locum
407 2501 434 2545 et
447 2492 544 2560 plenos
555 2495 694 2560 spumanti
710 2494 840 2563 sanguine
853 2495 935 2547 rivos.

199 2577 363 2645 Agnoscunt
376 2579 465 2648 spolia
477 2581 549 2634 inter
562 2597 590 2634 se
603 2581 763 2651 galeamque
776 2583 910 2636 nitentem

198 2664 315 2735 Messapi
329 2672 357 2720 et
370 2666 458 2720 multo
471 2667 597 2736 phaleras
610 2669 710 2723 sudore
724 2675 857 2738 receptes.

233 2752 270 2805 Et
283 2753 336 2806 iem
350 2754 439 2822 prima
451 2771 525 2808 novo
539 2758 687 2824 spargebat
699 2757 803 2811 lumine
815 2761 903 2810 terres

198 2839 310 2893 Tithoni
323 2857 451 2896 croceum
463 2842 590 2911 linquens
606 2844 716 2898 Aurora
728 2843 833 2897 cubile:

198 2927 256 2980 lam
269 2928 326 2981 sole
338 2929 437 2996 infuso,
451 2930 506 2984 iem
519 2932 602 2984 rebus
614 2931 676 2985 lnce
688 2931 805 2996 retectis,

198 3015 305 3069 Turnus
318 3017 347 3068 in
361 3033 439 3073 arma
451 3018 533 3086 viros,
551 3019 634 3072 ermis
647 3018 831 3073 circumdatus
843 3018 911 3087 ipse,

198 3103 324 3171 suscitat,
340 3109 500 3174 aeratasque
513 3106 584 3160 ecies
597 3107 626 3158 in
640 3106 745 3174 proelia
757 3107 830 3174 cogit

198 3188 320 3257 Quisque
334 3208 404 3258 snas,
420 3193 556 3262 variisque
569 3199 673 3247 acuunt
685 3194 842 3246 rumoribus
854 3194 917 3247 iras.

199 3275 271 3341 Quin
285 3278 344 3346 ipse
357 3281 568 3333 arrectis-visu
581 3280 801 3334 miserabile-in
814 3280 902 3333 hastis

199 3363 357 3428 praefluunt
371 3367 461 3433 capite
474 3371 502 3419 st
516 3366 603 3420 multo
616 3368 736 3421 clamore
749 3373 901 3435 sequnntur

200 3449 310 3516 Euryali
324 3457 353 3503 et
367 3450 435 3503 Nisi.

204 3536 345 3590 Aeneadae
358 3536 419 3588 duri
433 3553 573 3590 murorum
587 3541 616 3592 in
629 3547 706 3608 parts
720 3542 830 3594 sinistra
