2656 3940
534 937 563 1008 P.
588 937 727 1006 Vlllldlll
753 933 904 1004 llllROlllS

457 1127 982 1210 AENEIDOS

496 1337 632 1397 LIBER
660 1324 935 1397 UNDEOIMUS.

640 1543 813 1551 ——-—

216 1677 355 1732 Oceanum
367 1676 474 1730 interea
486 1691 600 1743 surgens
615 1674 725 1728 Aurora
738 1671 864 1741 reliquit:

216 1765 332 1832 Aeneas,
347 1779 512 1832 quamquam
525 1769 554 1815 et
567 1761 647 1814 sociis
661 1761 727 1814 dare
740 1764 849 1827 tempus
861 1756 1009 1811 humandis

215 1852 402 1920 Praecipitant
415 1867 505 1917 curae,
520 1850 684 1916 turbataque
699 1847 795 1900 funere
809 1861 888 1899 mens
902 1851 952 1910 est,

216 1939 292 1993 Vota
305 1939 387 1992 deum
399 1938 489 2006 primo
503 1937 590 1989 victor
604 1935 729 1988 solvebat
741 1933 809 1988 Eoo.

216 2026 359 2095 lugentem
373 2041 502 2094 quercum
516 2023 614 2076 decisis
628 2021 748 2091 undique
760 2023 844 2076 ramis

217 2114 369 2168 Constituit
381 2111 494 2174 tumulo,
510 2110 696 2178 fulgentiaque
710 2109 799 2162 induit
813 2127 897 2177 arma,

217 2201 336 2255 Mezenti
349 2200 425 2252 ducis
438 2198 559 2264 exuvias,
576 2197 635 2265 tibi,
652 2213 758 2264 magne,
775 2203 929 2265 tropaeum,

218 2288 401 2356 Bellipotens:
422 2291 500 2354 aptat
512 2285 634 2338 rorantis
649 2285 781 2352 sanguine
794 2286 891 2340 cristas

218 2375 337 2444 Telaque
350 2380 448 2428 trunca
460 2372 512 2424 viri
525 2377 553 2425 et
567 2372 669 2425 bissex
682 2372 797 2426 thoraca
811 2374 928 2441 petitum

218 2463 430 2529 Perfussumque
442 2460 518 2527 lucie,
534 2459 706 2529 clipeumque
722 2479 755 2516 ex
769 2479 830 2516 aare
843 2463 970 2518 sinistrae

219 2549 350 2615 Subligat,
365 2557 448 2616 atque
461 2563 553 2599 ensem
566 2547 637 2600 collo
651 2549 794 2616 suspendit
807 2550 951 2604 eburnam.

219 2636 287 2688 Tum
302 2636 397 2702 socios,
412 2650 529 2702 namque
542 2636 632 2688 omnis
645 2653 705 2688 eum
721 2637 822 2705 stipata
834 2638 945 2706 tegebat

220 2724 311 2776 Turba
323 2723 431 2787 ducum,
446 2722 485 2774 sic
497 2722 631 2790 incipiens
644 2723 773 2778 hortatur
785 2725 911 2778 ovantis:

222 2814 238 2838 “
248 2810 369 2863 Maxima
381 2826 424 2861 res
438 2808 545 2872 effecta,
562 2810 628 2874 viri3
651 2811 736 2865 timor
749 2811 837 2865 omnis
850 2811 952 2876 abesto,

221 2897 301 2962 Quod
315 2901 455 2964 superest:
476 2896 544 2949 haec
557 2902 621 2950 sunt
637 2898 722 2965 spolia
735 2905 763 2950 et
775 2898 809 2950 de
823 2915 887 2966 rege
900 2898 1018 2967 superbo

221 2985 371 3050 Primitiae,
386 2983 566 3051 manibusque
582 2985 649 3036 racis
664 2984 815 3038 Mezentius
828 2985 874 3039 hic
887 2992 936 3039 est.

221 3071 302 3124 Nunc
314 3072 367 3124 iter
379 3069 414 3124 ad
427 3087 518 3138 regem
532 3071 611 3124 nobis
625 3087 771 3140 murosque
783 3072 904 3128 Latinos.

222 3159 310 3211 Arma
322 3165 417 3226 parate
431 3156 536 3225 animia,
553 3163 580 3210 et
593 3175 641 3226 spe
656 3160 823 3226 praesumite
836 3159 945 3225 bellum,

222 3244 265 3298 Ne
279 3260 332 3312 qua
344 3261 422 3298 mora
433 3244 553 3313 ignaros,
568 3244 615 3296 ubi
628 3245 745 3313 primum
763 3246 861 3300 vellere
875 3247 952 3315 signa

222 3329 382 3386 Adnuerint
395 3332 486 3399 superi
500 3332 655 3399 pubemque
670 3333 785 3385 educere
801 3334 905 3402 castris,

223 3417 367 3486 Impediat,
383 3418 508 3483 segnisve
520 3424 596 3471 metu
609 3420 749 3474 sententia
761 3420 861 3474 tardet.

222 3503 333 3556 Interea
345 3502 434 3555 socios
446 3502 642 3571 inhumataque
656 3521 775 3573 corpora
787 3515 879 3560 terrae
