2706 3938
452 220 591 270 Vanesia
613 223 778 273 nanninus
800 224 832 274 V.

129 377 311 448 Nudatosque
324 397 435 434 umeros
448 381 509 435 oleo
521 383 632 450 perfusa
643 384 762 440 nitescit

129 465 285 519 Considunt
297 467 434 536 transtris,
449 467 611 538 intentaque
625 467 755 526 braccbia
767 474 867 542 remis3

127 550 234 605 Intenti
247 558 412 621 exspectant
425 555 545 624 signum,
560 557 781 628 exsultantiaque
793 559 886 614 haurit

127 637 221 692 Corda
232 655 321 707 pavor
333 639 446 708 pulsans
458 641 625 712 laudumque
637 651 745 700 arrecta
757 647 866 715 cupido.

126 723 205 792 Inde,
221 727 267 779 ubi
281 727 355 780 clara
367 727 445 781 dedit
454 729 574 782 sonitum
589 731 664 799 tuba,
678 731 779 786 finibus
792 751 894 804 omnes,

127 811 211 865 Haud
224 830 310 882 mora,
325 815 477 883 prosiluere
490 817 562 884 suis3
583 818 649 872 ferit
662 819 774 874 aethera
786 821 891 875 clamor

120 900 273 966 Nauticus,
288 901 412 956 adductis
425 910 555 972 spumant
567 907 639 960 t'reta
651 923 730 960 versa
741 908 860 964 lacertis.

125 988 273 1042 Infindunt
285 990 389 1057 pariter
402 990 499 1058 sulcos,
515 996 660 1062 totumque
672 994 790 1048 dehiscit

125 1076 299 1130 Convulsum
313 1079 396 1131 remis
408 1079 559 1147 rostrisque
572 1079 738 1134 tridentibus
750 1097 859 1152 aequor.

124 1161 189 1216 Non
204 1169 263 1216 tam
277 1165 440 1232 praecipites
452 1165 545 1234 biiugo
558 1169 708 1221 certamine
720 1185 847 1238 campum

125 1247 295 1316 Corripuere
307 1257 444 1318 ruuntque
457 1250 535 1304 effusi
548 1267 658 1306 carcere
670 1269 776 1322 currus,

124 1335 185 1389 Nec
199 1336 239 1388 sic
252 1336 382 1390 immissis
397 1339 508 1406 aurigae
519 1338 652 1393 undantia
663 1340 724 1394 lora

125 1422 298 1478 concussere
311 1424 382 1493 iugis
396 1426 532 1494 pronique
544 1426 572 1480 in
587 1429 701 1482 verbera
713 1429 844 1498 pendent.

124 1510 194 1562 Tum
208 1511 307 1579 plausu
320 1511 487 1580 fremituque
500 1512 589 1566 virum
603 1514 753 1584 studiisque
765 1517 910 1571 faventum

126 1599 272 1654 Consonat
283 1617 364 1654 omne
377 1617 480 1668 nemus,
496 1618 645 1670 vocemque
657 1603 764 1656 inclusa
776 1604 904 1657 volutant

123 1687 227 1756 litora,
245 1688 344 1756 pulsati
358 1688 441 1742 colles
454 1687 574 1742 clamore
586 1689 729 1743 resultant.

123 1778 233 1846 Effugit
247 1784 312 1830 ante
326 1776 394 1830 alios
406 1779 557 1848 primisque
570 1780 688 1834 elabitur
699 1781 780 1835 undis

122 1865 244 1918 Turbam
259 1865 333 1918 inter
346 1858 543 1934 fremitumque
556 1866 644 1934 Gyas3
665 1885 746 1937 quem
760 1869 859 1924 deinde
872 1870 1026 1925 Cloanthus

122 1955 319 2025 Consequitur,
335 1956 434 2010 melior
445 1957 536 2024 remis,
550 1957 599 2010 sed
611 1957 733 2025 pondere
745 1958 825 2025 pinus

121 2042 214 2098 Tarda
225 2049 312 2098 tenet.
348 2043 417 2098 Post
428 2044 480 2098 hos
493 2063 581 2115 aequo
593 2047 750 2102 discrimine
763 2048 861 2102 Pristis

121 2130 332 2199 Centaurusque
344 2129 435 2184 locum
448 2123 567 2186 ¹tendunt
580 2150 709 2201 superare
720 2135 858 2202 priorem3

119 2219 157 2274 Et
168 2238 245 2275 nunc
259 2221 356 2274 Pristis
368 2222 461 2291 habet,
477 2239 551 2276 nunc
564 2224 665 2277 victam
678 2224 811 2292 praeterit
823 2224 919 2290 ingens

121 2310 287 2378 Centaurus
303 2328 376 2366 nunc
388 2329 443 2366 una
456 2313 552 2367 ambae
563 2314 719 2383 iunctisque
730 2315 860 2369 feruntur

119 2396 272 2452 Frontibus
285 2405 313 2452 et
324 2399 407 2468 longa
419 2400 525 2454 sulcant
537 2400 609 2455 vada
620 2401 690 2455 salsa
702 2403 804 2456 carina·

120 2484 236 2556 Iamque
248 2487 472 2556 propinquabant
484 2488 600 2557 scopulo
611 2497 767 2558 metamque
779 2489 919 2557 tenebant,

120 2573 191 2627 Cum
205 2573 334 2642 princeps
346 2574 492 2643 medioque
507 2575 583 2642 Gyas
595 2576 625 2628 in
638 2576 745 2644 gurgite
760 2576 846 2630 victor

119 2659 269 2715 Rectorem
283 2663 361 2715 navis
373 2661 520 2731 compellat
531 2678 600 2716 voce
612 2662 775 2716 Menoeten:

121 2747 211 2813 “Quo
222 2754 332 2802 tantum
344 2749 411 2802 mihi
426 2749 524 2803 dexter
536 2750 614 2803 abisl
632 2749 688 2802 huc
700 2749 788 2818 dirige
800 2767 937 2818 gressum3

119 2833 199 2888 Litus
211 2853 281 2903 ama,
296 2843 324 2890 et
336 2836 428 2890 laevas
443 2838 560 2906 stringat
574 2837 631 2890 sine
645 2837 764 2905 palmula
775 2843 883 2903 cautes3

120 2923 218 2976 Altum
232 2923 279 2977 alii
291 2923 434 2978 teneant.”
472 2923 564 2989 Dixit3
586 2923 632 2978 sed
646 2941 728 2978 caeca
740 2924 882 2978 Menoetes

119 3009 193 3064 Saxa
204 3011 306 3064 timens
318 3027 428 3080 proram
441 3011 530 3080 pelagi
544 3011 690 3079 detorquet
702 3011 735 3064 ad
749 3011 844 3064 undas.

121 3098 137 3125 ‘⁸
148 3096 210 3162 Quo
223 3098 350 3152 diversus
363 3098 438 3152 allisi
449 3097 464 3124 ’'
484 3098 583 3152 iterum
601 3100 617 3127 “
626 3097 695 3151 Pete
708 3115 780 3164 saxa,
793 3098 934 3152 Menoetel
948 3098 964 3126 ”

119 3183 187 3237 Cum
201 3185 322 3238 elamore
336 3185 412 3252 Gyas
424 3186 587 3252 revocabat3
609 3191 637 3238 et
649 3202 712 3239 ecce
726 3185 893 3239 Cloanthum

118 3270 242 3342 Respicit
254 3273 404 3327 instantem
418 3279 503 3340 tergo,
519 3279 547 3326 et
559 3273 689 3341 propiora
701 3277 850 3326 tenentem.

117 3357 166 3412 Ille
177 3361 252 3414 inter
263 3377 421 3428 navemque
434 3359 511 3426 Gyae
523 3359 703 3428 scopulosque
717 3360 841 3413 sonantis

118 3445 199 3500 Radit
212 3449 266 3502 iter
278 3448 390 3502 laevum
403 3437 527 3512 interior,
538 3447 686 3515 subitoque
698 3448 820 3515 priorem

117 3531 252 3589 Praeterit
265 3539 294 3588 et
306 3533 393 3587 metis
404 3537 613 3601 tenet'aeuuora
625 3541 686 3587 tuta
698 3533 809 3587 relictis.
