2656 3940
496 219 634 270 visuum
659 219 824 270 susumus
846 220 890 270 IX.

185 381 211 437 N
212 399 243 437 eo
256 389 354 438 contre
365 382 432 448 viris
444 382 528 436 sudet
540 381 669 436 Saturnis
681 381 751 435 Iuno

184 469 328 523 Sufficere:
349 470 451 523 aeriam
465 469 541 522 eaelo
553 486 617 523 nem
631 469 755 538 Iuppiter
767 469 832 522 Irim

183 557 309 624 Demisit,
325 573 472 625 germanae
485 556 558 609 hsud
571 555 666 610 mollis
678 556 753 610 iussu
763 557 906 622 ferentem,

183 644 220 697 Ni
234 643 341 697 Turnus
354 643 434 697 eedut
446 643 614 697 Teucrorum
627 644 774 698 moenibus
786 644 855 698 altis.

182 730 258 798 Ergo
271 747 322 784 nee
335 731 424 799 clipeo
437 731 545 784 iuvenis
559 731 708 784 subsistere
721 736 830 786 tautum

183 817 210 870 N
212 834 243 871 eo
255 818 355 872 dextrs
366 818 454 872 vaiet:
470 818 578 872 iniectis
591 819 628 872 sie
642 818 763 888 undique
775 819 839 873 telis

184 904 327 959 Obruitur.
366 905 470 974 Strepit
482 904 598 959 adsiduo
610 921 678 960 esve
689 912 816 975 tempore
828 907 931 960 tirsum

183 991 296 1044 Tinnitu
309 992 394 1060 galea,
410 998 439 1046 et
451 993 525 1046 saxis
538 992 625 1046 solida
638 1009 701 1046 seru
714 993 854 1063 fatiscunt,

182 1078 382 1148 Discussasque
395 1080 477 1133 iubae
489 1079 581 1148 ospiti,
596 1096 647 1134 nee
658 1079 758 1134 suffieit
770 1081 856 1134 umbo

183 1166 303 1234 Ictibus3
324 1168 495 1236 ingeminant
508 1167 595 1220 hastis
608 1173 636 1220 et
649 1168 734 1222 Troes
746 1174 774 1221 et
785 1168 843 1237 ipse

183 1253 343 1308 Fulmineus
356 1254 525 1309 Mnestheus
564 1255 633 1308 Tum
647 1260 708 1308 toto
721 1271 836 1324 corpore
849 1255 933 1309 sudor

183 1342 311 1411 Liquitur
323 1348 352 1397 et
363 1343 559 1413 piceum—neu
572 1343 707 1410 respirare
720 1347 877 1411 potestes-

183 1429 300 1484 Fiumen
313 1431 384 1498 sgit3
406 1431 495 1484 fessos
508 1431 596 1499 quatit
610 1446 692 1497 aeger
702 1429 839 1484 anhelitus
851 1437 934 1484 artus.

184 1517 252 1571 Tum
266 1518 374 1572 demum
388 1535 521 1587 praeceps
534 1520 604 1572 ssltu
619 1535 677 1572 sese
691 1519 818 1571 omnibus
830 1519 913 1571 urmis

183 1604 215 1657 In
229 1604 341 1658 fluvium
357 1606 441 1660 dedit.
479 1606 529 1659 Ille
543 1623 592 1659 suo
606 1623 667 1659 eum
680 1605 788 1674 gurgite
800 1603 873 1659 flavo

183 1693 301 1762 Aesepit
312 1694 469 1747 venientem
481 1685 514 1747 ee
528 1693 655 1746 mollibus
670 1693 770 1746 extulit
782 1693 871 1762 undis,

182 1780 220 1834 Et
231 1780 334 1835 laetum
347 1781 427 1835 sooiis
440 1781 535 1836 abluta
546 1781 630 1835 esede
643 1781 756 1836 remisit
