2656 3940
423 215 561 265 venem
583 215 748 266 assumes
770 215 814 266 XI.

108 377 177 432 Fata
188 383 306 431 vocarit:
328 376 403 430 salve
416 382 558 432 aeternum
573 376 649 444 mibi,
665 377 783 430 maxime
796 377 881 446 Pelle,

106 469 317 534 Aeternumque
330 464 421 519 vale.”
459 464 484 517 N
487 481 519 518 eo
532 465 611 532 plura
624 464 723 517 effatus
735 465 770 518 ud
783 464 854 518 altos

106 552 250 606 Tendebat
262 569 365 618 muros,
376 568 554 621 gressumque
567 552 597 605 in
609 557 699 605 eastre
711 551 825 606 ferebat

141 639 257 709 Iamque
270 645 394 693 oratores
406 639 523 694 aderent
535 656 568 692 ex
582 639 650 692 urbe
664 637 770 706 Latine,

106 726 203 780 Velati
215 727 299 780 ramis
312 726 396 794 oleae,
413 727 574 796 veniamque
588 731 731 793 rogantes:

105 815 241 882 Corpora,
255 831 305 883 per
318 830 430 882 oempos
443 815 517 867 ferro
532 829 602 882 quae
615 814 678 867 insa
689 813 825 881 meabant,

104 898 256 968 Redderet
271 919 303 956 ee
314 902 422 955 tumulo
434 902 537 955 sineret
551 900 697 954 suenedere
709 909 815 968 terrae3

105 989 224 1042 Nullum
237 1007 299 1043 oum
312 990 391 1043 vietis
404 996 542 1043 eertameu
559 997 586 1042 et
599 988 712 1042 aethere
724 989 823 1052 eassis;

104 1077 239 1130 Pareeret
250 1077 407 1145 hospitibus
420 1076 557 1145 quondam
573 1075 729 1144 socerisque
742 1076 855 1129 voeatis.

106 1163 185 1229 Quos
197 1165 287 1217 bonus
299 1164 416 1232 Aeneas,
432 1164 506 1218 baud
519 1162 693 1231 aspernenda
705 1163 851 1230 precantis,
901 1179 911 1189 -

105 1251 290 1320 Prosequitur
302 1253 391 1319 venia,
407 1257 436 1305 et
448 1251 540 1305 verbis
554 1250 622 1304 bueo
634 1251 746 1318 insuper
759 1248 852 1303 addit:

106 1341 124 1368 “
133 1339 279 1404 Quaenam
291 1355 341 1392 vos
352 1344 433 1394 tanto
444 1339 556 1392 fortune
570 1338 689 1406 indigns,
706 1337 805 1400 Latini

105 1427 249 1496 Implieuit
262 1427 343 1495 bello,
358 1428 405 1496 qui
417 1444 468 1481 nos
480 1427 593 1496 fugiatis
607 1426 729 1480 amieos?

104 1515 207 1569 Pacem
221 1532 265 1568 me
278 1516 412 1568 exanimis
422 1521 451 1569 et
462 1516 560 1570 Martis
573 1521 647 1569 sorte
660 1513 813 1583 peremptis

106 1603 217 1656 Oratis?
236 1602 363 1672 equidem
376 1607 404 1656 et
416 1604 487 1656 vivis
499 1603 650 1658 concedere
664 1601 772 1656 vellem.

105 1690 133 1743 N
134 1707 166 1745 eo
179 1690 253 1757 veui,
269 1690 321 1743 nisi
333 1690 393 1744 iata
405 1689 495 1744 loeurn
508 1691 656 1760 sedemque
670 1690 823 1755 dedissent;

104 1777 133 1831 N
134 1795 166 1832 eo
178 1777 284 1831 bellum
297 1794 359 1830 oum
372 1782 455 1846 gente
468 1795 552 1846 gero:
572 1795 621 1831 rex
634 1783 729 1831 nostra
742 1775 853 1844 reliquit

104 1865 244 1933 Hospitis,
259 1871 288 1918 et
300 1865 385 1918 Turni
397 1866 490 1934 potius
502 1882 532 1920 se
545 1865 661 1920 eredidit
674 1867 767 1921 armis.

105 1953 234 2022 Aequius
245 1952 310 2005 huie
322 1951 445 2006 Turnum
457 1954 549 2007 fuerat
562 1959 590 2007 se
604 1971 744 2023 opponere
758 1956 849 2009 morti.

105 2041 134 2093 si
147 2040 254 2094 bellum
266 2039 345 2092 finire
359 2056 448 2106 manu,
464 2041 486 2094 si
497 2041 600 2109 pellere
613 2041 732 2096 Teucros

104 2129 241 2197 Apparet,
256 2126 300 2179 his
309 2144 415 2180 meeum
429 2127 522 2181 deeuit
534 2145 699 2183 concurrere
711 2129 790 2189 telis:

104 2215 203 2280 Vixet‚
218 2215 264 2267 eui
276 2214 362 2267 vitam
375 2214 442 2267 deus
455 2222 503 2268 aut
515 2232 564 2269 sua
576 2217 674 2270 dextra
686 2217 813 2272 dedisset.

104 2301 189 2356 Nune
201 2301 242 2354 ite
254 2307 283 2354 et
296 2302 401 2354 miseris
412 2303 559 2370 supponite
572 2304 677 2358 civibus
690 2304 809 2372 ignem.’'

104 2389 225 2443 Dixerat
236 2389 355 2443 Aeneas.
392 2388 437 2442 Illi
450 2390 608 2459 obstipuere
619 2391 738 2459 silentes,

105 2477 297 2545 conversique
310 2477 403 2531 oeulos
416 2477 489 2532 inter
501 2495 530 2533 se
542 2484 625 2547 etque
637 2496 686 2534 ora
699 2480 839 2534 tenebant.

104 2565 175 2617 Tum
189 2564 291 2631 senior,
306 2581 466 2634 semperque
479 2565 550 2618 odiis
563 2572 590 2620 et
603 2567 718 2620 erimine
731 2567 854 2620 Drauees

103 2650 237 2705 Infensus
248 2651 342 2704 iuveni
355 2651 447 2706 Turno
460 2653 499 2706 sie
512 2670 560 2706 ore
575 2653 696 2708 vieissim

105 2739 177 2792 Orsa
189 2739 294 2792 refert:
317 2738 367 2791 “0
379 2739 456 2793 fama
466 2740 573 2807 ingene,
588 2741 727 2809 ingentior
740 2742 831 2808 armis,

105 2825 158 2878 Vir
171 2825 299 2893 Troiane,
313 2826 412 2894 quibus
424 2826 500 2880 eaelo
513 2833 542 2880 te
553 2827 681 2881 lendibus
693 2829 826 2897 aequem?

104 2914 269 2966 Iustitiaene
281 2913 357 2981 prius
370 2915 462 2981 mirer,
478 2915 579 2968 belline
591 2915 734 2968 laborum?

105 3001 166 3056 Nos
180 3017 248 3054 vero
260 3000 328 3054 haee
340 3003 458 3070 patriam
472 3003 543 3068 greti
558 3003 711 3056 referemus
725 3003 760 3058 ad
773 3004 878 3071 urbem,

105 3089 143 3142 Et
154 3095 193 3154 te,
208 3089 231 3141 si
245 3106 298 3157 qua
310 3090 383 3142 viam
396 3090 505 3143 dederit
518 3091 641 3157 fortuna,
658 3089 757 3144 Latino

106 3177 255 3246 iungemus
268 3178 339 3244 regi:
360 3182 475 3246 quaerat
488 3178 539 3230 eibi
551 3177 666 3230 foedera
678 3177 792 3231 Turnus.

107 3264 181 3328 Quin
195 3269 223 3316 et
236 3263 328 3318 fatalis
339 3280 482 3317 murorum
497 3264 624 3318 attollere
637 3265 731 3332 moles,

106 3351 233 3420 Saxaque
245 3352 407 3404 subvectare
420 3351 522 3404 umeris
534 3351 652 3404 Troiane
664 3353 798 3406 iurabit,”

107 3439 224 3492 Dixerat
236 3439 314 3506 haee,
329 3454 438 3506 unoque
451 3455 547 3491 omnes
559 3438 654 3492 eadem
669 3455 716 3492 ore
729 3441 896 3495 fremebant.

106 3525 154 3581 Bis
167 3543 248 3581 senos
260 3525 392 3595 pepigere
403 3525 470 3592 dies,
485 3531 513 3578 et
525 3541 594 3594 paee
607 3534 747 3595 sequestra

207 3625 357 3674 022
