2656 3940
452 221 591 272 vnneinl
614 222 779 272 nnnnlncs
802 222 847 272 XI.

103 385 244 440 Exercent
257 385 343 453 collis,
358 387 440 453 atque
452 383 552 438 borum
565 385 714 452 asperrima
728 393 852 453 pascunt.

105 473 183 527 Haec
197 473 287 526 omnis
298 473 376 540 regio
390 476 417 524 et
430 472 493 526 celsi
507 471 587 540 plaga
601 473 682 540 pinea
696 472 799 525 montis

105 561 195 614 Cedat
208 560 344 614 amicitiae
357 558 532 628 Teucrorum,
546 567 574 612 et
587 559 706 612 foederis
718 575 819 626 aequas

104 648 239 700 Dicamus
250 647 332 715 legeS,
347 646 490 714 sociosque
502 647 532 698 in
545 663 631 714 regna
644 662 788 711 vocemus;

105 735 269 800 Considant
284 735 306 787 si
319 739 414 787 tantus
426 749 510 800 amor,
526 739 554 786 et
567 734 677 786 moenia
690 733 819 788 condant.

88 863 90 868 ,
105 823 155 876 Sin
169 822 238 876 alios
251 823 313 875 linis
325 822 460 890 aliamque
473 837 613 889 capessere
626 826 735 888 gentem

105 910 156 962 Est
169 910 284 973 animus,
299 916 467 978 possuntque
480 908 539 962 solo
553 907 685 962 decedere
700 913 802 975 nostro,

106 997 154 1049 Bis
167 997 253 1050 denas
265 996 336 1050 ltalo
348 1002 475 1050 texamus
488 996 587 1049 robore
590 996 688 1072 ,navis

107 1085 162 1138 Seu
175 1084 263 1152 pluris
275 1083 413 1152 complere
427 1083 534 1149 valent;
556 1083 628 1136 iacet
641 1084 731 1136 omnis
743 1083 778 1136 ad
791 1082 893 1138 undam

107 1172 251 1226 Materies:
272 1171 326 1239 ipsi
337 1187 536 1239 numerumque
549 1170 715 1238 modumque
728 1169 829 1223 carinis

106 1259 299 1328 Praecipiunt3
321 1276 370 1311 nos
384 1275 455 1326 aera,
469 1275 574 1325 manus,
589 1257 698 1312 navalia
711 1257 815 1310 demus.

106 1346 262 1414 Praeterea,
278 1347 324 1415 qui
336 1346 411 1399 dicta
422 1347 515 1400 ferant
527 1352 555 1398 et
567 1344 679 1398 foedera
690 1343 809 1412 firment,

106 1433 227 1487 (lentum
241 1440 365 1487 oratores
378 1433 467 1501 prima
478 1433 513 1486 de
525 1437 608 1500 gente
620 1431 733 1485 Latinos

106 1522 150 1575 Ire
163 1521 264 1589 placet,
279 1521 407 1589 pacisque
420 1537 502 1574 manu
515 1519 697 1588 praetendere
709 1535 808 1586 ramos,

104 1609 226 1662 Munera
237 1609 375 1676 portantis
388 1609 501 1676 aurique
514 1608 658 1676 eborisque
671 1606 776 1660 talenta

104 1697 141 1751 Et
155 1697 252 1750 sellam
264 1697 343 1764 regni
355 1697 533 1765 trabeamque
545 1696 664 1764 insignia
675 1697 771 1751 nostri.

105 1782 252 1836 Oonsulite
264 1781 291 1833 in
305 1781 436 1850 medium,
450 1790 479 1835 et
490 1783 572 1836 rebus
585 1781 738 1836 succurrite
751 1781 858 1834 fessis.’'

140 1869 213 1922 Tum
226 1869 357 1934 Drances,
372 1868 443 1922 idem
456 1869 587 1936 infensus,
604 1886 685 1937 quem
695 1868 784 1938 gloria
798 1867 882 1922 Turni

105 1957 228 2026 Obliqna
239 1956 346 2009 invidia
358 1955 528 2024 stimulisque
540 1956 663 2024 agitabat
675 1957 782 2023 amaris,

105 2044 213 2112 Largus
226 2059 318 2112 opum.
333 2048 361 2096 et
372 2043 466 2108 lingua
477 2043 581 2111 melior,
596 2043 644 2097 sed
658 2043 757 2112 frigida
771 2042 842 2097 bello

105 2133 237 2196 Dextera,
253 2131 373 2184 consiliis
387 2131 497 2184 babitus
509 2147 567 2184 non
578 2131 680 2185 futtilis
692 2137 797 2197 auctor,

105 2219 249 2272 Seditione
263 2223 483 2286 potens-genus
497 2217 560 2271 huic
574 2223 698 2272 materna
712 2218 861 2287 superbum

105 2306 247 2360 Nobilitas
260 2305 351 2370 dabat,
365 2305 499 2358 incertum
513 2305 548 2359 de
560 2312 638 2374 patre
651 2306 793 2360 ferebate

106 2395 211 2462 Surgit,
226 2398 255 2446 et
268 2393 310 2445 his
323 2399 420 2446 onerat
432 2393 514 2446 dictis
526 2398 608 2461 atque
621 2398 734 2462 aggerat
746 2393 815 2446 iras:

107 2481 204 2534 “Rem
219 2478 289 2532 nulli
302 2481 454 2546 obscuram,
469 2486 579 2534 nostrae
591 2496 642 2533 nec
655 2480 730 2534 vocis
744 2484 878 2547 egentem,

106 2568 246 2635 Consulis,
262 2584 278 2620 o
292 2568 363 2620 bone
375 2584 439 2634 rex3
460 2568 553 2622 cuncti
567 2583 595 2620 se
608 2567 678 2620 scire
690 2567 823 2634 fatentur,

106 2656 180 2722 Quid
195 2655 308 2708 fortuna
320 2654 391 2708 ferat
403 2654 513 2723 populi;
534 2654 583 2708 sed
595 2654 688 2708 dicere
700 2660 831 2708 mussant.

106 2743 161 2796 Det
172 2743 331 2795 libertatem
347 2740 429 2807 fandi,
444 2740 580 2810 flatusque
594 2742 725 2804 remittat,
754 2719 766 2740 ⁸

106 2830 193 2885 Ocius
207 2830 243 2882 ob
257 2829 409 2897 auspicium
422 2830 572 2882 infaustum
586 2845 730 2897 moresque
744 2829 904 2882 sinistros-

106 2918 206 2972 Dicam
220 2917 355 2985 equidem,
370 2915 435 2970 licet
447 2933 523 2969 arma
535 2916 604 2970 mihi
617 2922 790 2984 mortemque
802 2917 959 2970 minetur-

106 3007 227 3060 Lumina
238 3010 282 3058 tot
295 3004 424 3058 cecidisse
437 3003 537 3057 ducum
551 3008 694 3072 totamque
707 3003 830 3057 videmus

107 3093 273 3148 Oonsedisse
286 3093 380 3146 urbem
394 3091 479 3159 luctu,
493 3091 561 3144 dum
573 3091 655 3144 Troia
667 3096 787 3158 temptat

107 3182 213 3245 (lustra,
228 3182 311 3248 fugae
324 3179 420 3245 fidens,
436 3183 464 3231 et
476 3178 583 3232 caelum
595 3178 706 3232 territat
725 3178 815 3231 armis.

107 3269 198 3323 Unum
214 3269 297 3322 etiam
312 3265 471 3333 domuistis,
486 3282 556 3335 quae
568 3265 686 3334 plurima
702 3265 775 3318 mitti

106 3356 273 3411 Dardanidis
285 3355 394 3423 dicique
407 3352 491 3419 iubes,
506 3369 599 3421 unum,
615 3354 719 3422 optime
732 3368 835 3420 regum,

107 3445 235 3508 Adicias;
257 3434 309 3495 nec
321 3449 349 3494 te
361 3440 444 3493 ullius
456 3439 588 3493 violentia
601 3440 702 3508 vincat,

107 3533 181 3599 Quin
193 3538 286 3585 natam
300 3527 412 3598 egregio
425 3543 526 3594 genero
538 3526 683 3595 dignisque
696 3526 856 3593 hymenaeis
