2668 3942
514 229 653 278 VERGILI
675 229 841 279 Anuxloos
863 229 919 279 XII.

210 389 313 444 Vectns
326 407 397 459 equo
410 397 556 460 spumante
568 390 658 460 Saces,
673 391 790 444 adversa
801 391 902 460 sagitta

206 476 321 531 Saucius
333 495 388 546 ora,
403 479 512 547 ruitque
524 477 676 546 implorans
688 479 800 532 nomine
814 478 952 533 Turnum:

208 566 226 594 “
234 564 334 634 Turne,
348 566 376 618 in
390 571 419 618 te
431 582 559 635 suprema
570 565 659 633 salus3
680 565 811 620 miserere
823 571 944 618 tuorum.

205 651 346 706 Fulminat
358 654 468 706 Aeneas
481 652 573 720 armis,
588 669 764 722 summasque
778 653 899 706 minatur

205 739 383 794 Deiecturum
397 756 473 793 arces
485 739 586 793 Italum
599 741 778 810 exscidioque
790 740 936 808 daturum

205 827 317 896 Iamque
329 828 403 881 faces
415 827 451 880 ad
463 833 538 880 tecta
551 827 653 881 volant.
692 827 725 880 In
737 834 767 882 te
780 843 829 881 ora
840 827 939 894 Latini,

204 914 238 967 In
251 923 279 968 te
293 913 386 968 oculos
399 915 540 981 referunt3
561 923 666 968 mussat
678 931 727 968 rex
739 915 799 983 ipse
811 915 932 983 Latinus,¹

205 1000 280 1065 Quos
292 1018 407 1069 generos
421 1006 508 1076 vqcet,
523 1007 572 1055 aut
584 1019 653 1070 quae
667 1019 726 1056 sese
740 1002 775 1056 ad
788 1003 903 1057 foedera
914 1003 1018 1060 flectat.

204 1089 353 1144 Praeterea
364 1089 466 1156 regina
480 1089 521 1141 tui
535 1089 674 1159 fidissima,
690 1090 790 1144 dextra

205 1176 316 1233 Occidit
328 1177 387 1246 ipsa
399 1193 454 1245 sua,
469 1175 614 1245 lucemque
628 1178 762 1231 exterrita
773 1179 852 1248 fugit.

205 1264 262 1318 Soli
273 1281 324 1333 pro
338 1264 425 1332 portis
437 1263 578 1332 Messapus
592 1270 620 1318 et
633 1281 696 1319 acer
709 1266 810 1320 Atinas

204 1353 366 1406 Sustentant
381 1352 466 1404 aciem
477 1371 483 1419 ;
506 1352 609 1406 circum
622 1353 674 1406 hos
686 1354 824 1423 utrimque
837 1344 988 1423 phalanges

204 1439 286 1494 Stant
298 1439 405 1508 densae,
421 1441 577 1509 strictisque
592 1458 669 1509 seges
682 1443 862 1495 mucronibus
873 1441 969 1494 horret

203 1527 320 1580 Ferrea:
340 1533 371 1579 tu
385 1543 496 1580 currum
510 1527 619 1581 deserto
631 1529 660 1580 in
672 1528 796 1596 gramine
808 1527 927 1582 versas.”

204 1613 346 1681 Obstipuit
355 1615 432 1668 varia
444 1616 573 1668 confusus
584 1616 705 1683 imagine
717 1632 810 1669 rerum

203 1700 319 1770 Turnus,
334 1709 362 1756 et
375 1703 475 1756 obtutu
487 1705 573 1757 tacito
587 1704 678 1767 stetit;
700 1709 806 1757 aestuat
815 1703 913 1772 ingens

204 1788 266 1842 Uno
279 1789 308 1841 in
321 1789 402 1843 corde
415 1791 506 1858 pudor
518 1792 662 1858 mixtoque
674 1791 782 1844 insania
793 1790 870 1844 luctu

125 1925 127 1927 .
203 1875 239 1928 Et
252 1876 328 1929 furiis
342 1877 460 1945 agitatus
474 1894 550 1930 amor
563 1882 591 1930 et
603 1878 714 1931 conscia
725 1879 822 1932 virtus.

204 1965 242 2018 Ut
254 1967 375 2034 primum
389 1966 526 2020 discussae
539 1966 653 2019 umbrae
666 1970 693 2019 et
706 1964 754 2018 lux
767 1965 875 2020 reddita
888 1966 980 2034 ruenti,

203 2053 336 2108 Ardentis
350 2054 491 2108 oculorum
506 2053 580 2107 orbis
593 2053 626 2106 ad
640 2053 749 2107 moenia
762 2054 843 2107 torsit

203 2140 347 2210 Turbidus,
362 2159 430 2210 eque
444 2142 513 2196 rotis
525 2157 653 2209 magnam
666 2140 788 2208 respexit
800 2140 833 2194 ad
847 2140 951 2193 urbem.

202 2229 273 2284 Ecce
287 2237 386 2297 autem,
401 2229 518 2284 flammis
531 2229 604 2282 inter
615 2227 740 2281 tabulata
753 2227 863 2280 volutus

202 2318 248 2370 Ad
261 2318 366 2372 caelum
380 2317 501 2370 undabat
516 2319 612 2368 vertex
625 2316 779 2384 turrimque
791 2315 912 2382 tenebat,

202 2405 318 2474 Turrim,
332 2405 483 2472 compactis
498 2399 624 2456 trabibus
638 2419 720 2470 quarn
733 2400 867 2454 eduxerat
877 2401 935 2469 ipse

202 2475 421 2560 subdideratque
435 2497 509 2545 rotas
522 2491 668 2559 pontisque
679 2489 847 2543 instraverat
859 2488 937 2544 altos.

204 2580 285 2634 “lam
299 2581 352 2636 iam
366 2581 429 2649 iata,
445 2597 530 2648 soror,
546 2582 694 2648 superant3
716 2577 818 2631 absiste
834 2576 952 2640 morari;

202 2667 264 2733 Quo
277 2668 344 2722 deus
357 2673 385 2722 et
397 2685 451 2738 quo
464 2668 534 2722 dura
547 2672 628 2721 vocat
639 2667 769 2729 Fortuna,
784 2679 936 2732 sequamur.

202 2754 263 2809 Stat
276 2757 403 2810 conterre
416 2772 527 2809 manum
541 2755 661 2821 Aeneae,
677 2758 740 2820 stat,
755 2750 888 2821 quidquid
899 2751 990 2804 acerbi
1004 2755 1055 2820 est,

201 2842 292 2897 Morte
304 2845 370 2912 pati,
386 2860 473 2912 neque
486 2861 531 2898 me
544 2843 711 2908 indecorem,
727 2856 865 2910 germana,
879 2838 986 2891 videbis

201 2932 337 3001 Amplius.
377 2931 465 3000 Hunc,
481 2948 538 3000 oro,
553 2931 612 2985 sine
624 2948 668 2985 me
681 2931 773 2984 furare
787 2934 851 2984 aute
864 2926 1015 2980 furorem.”

201 3018 287 3084 Dixit,
302 3025 330 3074 et
343 3037 358 3074 e
371 3037 453 3073 curru
466 3019 565 3073 saltum
579 3018 656 3072 dedit
669 3019 745 3073 ocius
758 3017 839 3084 arvis,

201 3105 308 3175 Perque
317 3107 412 3175 hostis,
426 3123 477 3176 per
489 3105 545 3159 tela
556 3106 619 3173 ruit,
634 3113 821 3174 maestamque
834 3120 956 3158 sororem

201 3191 318 3261 Deserit,
333 3211 365 3247 ac
377 3193 474 3262 rapido
487 3209 568 3246 cursu
582 3192 672 3246 media
684 3194 793 3261 agmina
805 3191 916 3260 rumpit.

201 3279 244 3331 Ac
257 3278 343 3332 veluti
355 3281 458 3333 montis
470 3297 564 3332 saxum
578 3279 613 3334 de
626 3281 730 3334 vertice
742 3296 874 3348 praeceps

202 3363 271 3416 Cum
284 3366 347 3432 ruit,
363 3364 487 3419 avulsum
499 3371 591 3430 vento,
606 3382 652 3419 seu
665 3365 793 3420 turbidus
805 3366 894 3420 imber

202 3449 316 3519 Proluit,
332 3457 379 3505 aut
392 3453 470 3504 annis
482 3452 564 3507 solvit
577 3453 704 3522 sublapsa
718 3458 857 3519 vetustas3

203 3535 301 3589 Fertur
314 3538 342 3588 in
355 3537 502 3604 abruptum
515 3555 616 3606 magno
627 3557 708 3593 mons
718 3540 862 3608 improbus
873 3545 945 3608 actu,
