2706 3938
434 252 572 302 Veserm
595 252 759 301 nunninus
782 253 826 302 IV.

120 416 194 485 Vixi,
210 424 247 486 et,
262 433 345 486 quem
359 415 472 469 dederat
484 431 593 468 onrsurn
607 415 725 481 fortuna,
740 415 849 482 peregl3

119 504 157 559 Et
168 521 243 558 nune
256 520 358 572 magne
370 503 424 556 mei
437 501 487 555 sub
500 507 588 555 terres
600 502 650 555 ibit
663 503 763 570 image.

120 592 225 645 Urbem
239 592 409 660 praeclaram
423 589 523 655 stetui3
544 602 605 643 mea
618 590 727 643 moenia
738 589 814 657 vidi3

120 679 187 732 Ulta
200 679 299 747 virum,
315 693 419 746 poenes
430 677 543 730 inimico
556 693 573 730 a
584 677 672 730 fratre
685 677 792 745 resepi3

119 766 207 833 Felix,
223 765 277 818 heu
290 765 407 818 nimium
420 764 494 830 felir,
508 764 531 816 si
543 764 626 817 litora
639 772 747 817 tanturn

119 853 282 922 Numquam
296 852 451 906 Dardaniae
463 851 621 919 tetigissent
634 858 730 904 nostra
742 845 864 906 eannael
877 851 893 880 '’

118 940 208 1008 Dixit,
225 945 260 1004 et,
275 956 307 992 os
318 940 450 1007 impressa
462 945 532 1005 toro,
549 941 566 967 “
575 937 722 990 Moriemur
733 937 846 1006 inultae,

120 1028 176 1081 Sed
190 1025 368 1080 moriamur‘’
382 1026 428 1079 ait.
468 1028 486 1054 ‘⁸
496 1025 549 1093 Sin,
564 1026 603 1079 sie
616 1025 744 1078 iuvetite
757 1027 807 1080 sub
820 1027 939 1080 umbras

121 1116 242 1169 Hauriat
254 1115 330 1167 hune
343 1113 429 1167 oeulis
440 1115 533 1182 iguem
547 1113 665 1166 erudelis
677 1115 711 1166 ab
725 1113 783 1167 alto

119 1203 279 1269 Dardanus,
294 1207 322 1254 et
335 1208 445 1254 nostrae
459 1217 551 1254 seeum
566 1201 637 1254 l'erat
649 1202 741 1254 omina
753 1201 877 1256 mortisst’

120 1292 258 1357 Dixerat;
280 1297 362 1358 atque
373 1289 447 1342 illem
460 1289 551 1342 media
563 1289 636 1360 inter
649 1289 715 1342 talla
728 1291 801 1342 l'erro

121 1378 292 1447 Conlapsam
306 1377 441 1445 aspiciunt
454 1378 576 1442 comitae,
592 1394 739 1446 ensemque
752 1394 850 1431 eruere

120 1468 315 1536 Spumantem,
331 1479 491 1532 sparsaeque
503 1481 608 1518 manns.
646 1463 673 1517 It
685 1464 789 1518 elamor
802 1465 834 1518 ad
849 1465 906 1518 alta

121 1557 224 1622 Atria3
245 1571 407 1609 concussam
420 1555 569 1609 baechatur
582 1554 667 1607 Fama
678 1569 728 1622 per
742 1553 846 1607 urbem.

119 1643 267 1698 Lamentis
280 1643 438 1711 gemituque
451 1650 479 1695 et
490 1642 609 1695 femineo
624 1641 728 1695 ululatu

120 1731 209 1785 Teuta
221 1730 357 1797 fremunt3
378 1735 489 1784 resonat
502 1731 606 1797 magnis
619 1729 797 1797 plangoribus
810 1728 913 1783 aether.

120 1818 189 1874 Non
204 1818 293 1886 aliter,
310 1835 390 1887 quam
404 1818 426 1870 si
440 1817 569 1870 immissis
582 1824 645 1870 ruat
657 1817 783 1869 hostibus
796 1816 886 1869 omnis

121 1909 272 1978 Karthago
286 1917 333 1964 aut
345 1911 457 1981 antiqua
469 1911 563 1980 Tyros,
579 1911 759 1979 flammaeque
772 1910 896 1962 furentes

122 1997 255 2051 Culmins
269 2014 372 2066 perque
384 1985 527 2052 hominum
541 1998 689 2052 volvantur
702 2014 805 2066 perque
817 1996 939 2050 deorum.

123 2085 225 2139 Audiit
237 2087 381 2154 exanimis,
394 2088 558 2156 trepidoque
572 2087 705 2140 exterrita
718 2103 798 2139 eursu

122 2172 273 2243 Unguibus
284 2191 333 2228 ora
345 2191 423 2228 soror
435 2176 552 2230 foedans
565 2183 592 2230 et
604 2184 716 2245 peetera
728 2175 828 2243 pugnis

122 2261 177 2315 Per
190 2261 299 2315 medios
311 2261 374 2329 ruit,
389 2280 420 2316 ao
434 2263 598 2317 morientem
611 2264 724 2317 nomine
737 2262 851 2316 clamat:

124 2349 214 2412 “Hoc
228 2349 305 2415 illud,
320 2367 458 2418 germana,
473 2351 546 2404 fuiti
564 2368 609 2404 me
621 2351 719 2404 fraude
731 2351 862 2418 petebasl

124 2437 185 2490 Hoe
200 2453 284 2505 rogus
296 2431 349 2490 iste
361 2437 438 2504 mihi,
452 2437 505 2492 hoe
517 2439 595 2505 ignes
608 2455 723 2506 araeque
735 2437 888 2505 parabantl

123 2523 198 2589 Quid
213 2525 334 2592 primurn
346 2524 456 2579 deserta
469 2526 585 2594 querarl
605 2526 770 2579 comitemne
783 2541 906 2577 sororem

124 2611 262 2680 Sprevisti
275 2612 413 2666 moriensi
450 2613 554 2666 Eadem
567 2629 611 2666 me
624 2613 658 2667 ad
671 2614 730 2666 iata
744 2629 882 2676 vocassem

124 2698 203 2752 Idem
217 2698 313 2753 ambas
324 2699 400 2752 ferro
413 2699 499 2767 dolor,
516 2706 597 2768 atque
611 2700 705 2754 eadem
719 2700 787 2752 hora
799 2699 914 2752 tulisset.

125 2785 176 2839 His
189 2786 275 2840 etiam
288 2788 375 2839 struxi
389 2788 524 2852 manibus,
542 2787 699 2856 patriosque
713 2787 809 2839 vocavi

124 2872 205 2927 Voce
219 2873 293 2940 deos,
308 2874 347 2928 sie
359 2879 387 2927 te
401 2881 431 2928 ut
445 2875 534 2943 posita
547 2874 666 2928 erudelis
679 2875 818 2928 abesseml

125 2959 266 3014 Exstinxti
280 2967 309 3014 te
321 2977 427 3030 meque,
443 2978 529 3028 seror,
544 2961 729 3030 populumque
743 2969 888 3030 patresque

125 3047 257 3102 Sidonios
269 3049 420 3116 urbemque
432 3053 517 3102 tuam.
556 3048 635 3116 Date,
650 3048 764 3102 volnera
776 3047 897 3116 lymphis
990 3065 995 3073 ’

126 3136 255 3202 Ablusm‚
269 3143 306 3202 et,
321 3143 461 3190 extremus
475 3137 496 3188 si
511 3139 570 3206 quis
583 3154 665 3205 super
677 3137 778 3190 halitus
791 3143 871 3203 errat,

126 3223 180 3276 Ore
193 3223 313 3292 legam.”
351 3224 397 3276 Sia
409 3224 470 3276 lata
482 3224 582 3291 gradus
595 3231 719 3278 evaserat
732 3224 808 3290 altos,

125 3311 375 3380 Semianimemque
389 3311 452 3363 sinu
465 3327 623 3377 germanam
637 3310 764 3379 amplexa
775 3309 891 3363 fovebat

126 3398 194 3452 (lum
207 3400 322 3469 gemitu,
337 3407 422 3468 atque
435 3404 510 3451 atros
523 3398 642 3452 siccabat
655 3404 731 3451 veste
744 3412 863 3450 erueres.

125 3486 180 3555 llla,
194 3488 289 3557 gravis
301 3485 401 3541 oeulos
414 3489 514 3537 conata
526 3485 661 3549 attollere,
676 3501 770 3537 rursus

122 3573 237 3640 Deficit;
259 3575 377 3629 infixum
393 3571 488 3624 stridit
499 3572 549 3624 snb
563 3583 674 3640 pectore
686 3571 792 3624 volnus
