2706 3938
501 213 640 263 VERGILI
662 212 827 262 AENElDOS
852 211 894 259 vi.

190 373 249 430 Hac
262 375 315 428 iter
328 374 451 442 Elysium
466 376 560 438 uobis;
581 381 610 428 at
623 374 702 428 laeva
717 373 856 428 malorum

188 461 308 515 Exercet
321 447 473 530 poenas,et
486 463 521 516 ad
533 463 620 530 impia
633 461 746 515 Tartara
762 459 877 514 rnittit.‘’

189 549 349 617 Deiphobus
362 554 476 603 eontra:
500 553 515 578 “
528 549 553 602 N
556 567 570 603 e
584 549 666 616 suevi,
684 565 783 616 magua
793 547 935 614 sacerdos3

187 635 342 704 Discedam,
357 635 474 704 explebo
487 653 642 704 numerum,
658 635 809 704 reddarque
822 635 950 689 tenebris„

187 724 201 777 Ι
214 724 304 793 decus,
319 726 336 792 i,
351 730 492 792 nostrum3
514 724 676 778 melioribus
692 729 772 776 utere
784 721 878 776 fatis.”

187 811 305 866 Tantum
318 813 426 879 effatus,
441 811 511 865 etin
525 811 610 864 verbo
627 810 743 878 vestigia
754 809 844 864 torsit.

223 899 344 968 Respicit
357 901 480 954 Aeneas:
501 899 591 953 subito
608 905 636 952 et
651 898 701 951 sub
718 913 785 965 rupe
801 897 911 950 sinistra

189 985 296 1040 Moenia
308 987 365 1041 lata
377 988 460 1054 videt,
474 987 576 1056 triplici
590 985 760 1040 circumdata
771 1000 859 1051 muro,
932 1012 934 1016 ·

186 1073 263 1138 Quae
276 1075 387 1143 rapidus
400 1075 517 1129 flammis
530 1075 617 1128 ambit
633 1072 804 1126 torrentibus
817 1072 912 1138 amnis,

185 1161 331 1215 Tartareus
343 1163 525 1232 Phlegethon,
541 1166 706 1230 torquetque
724 1159 851 1214 sonantia
863 1176 937 1214 saxa.

184 1248 269 1302 Porta
282 1250 403 1316 adversa,
418 1251 523 1318 ingens,
544 1250 685 1319 solidoque
698 1250 844 1303 adamante
857 1247 1010 1316 columnae,

184 1333 237 1388 Vis
250 1341 280 1388 ut
291 1337 367 1390 nulla
378 1338 476 1404 virum,
492 1355 548 1392 non
561 1339 613 1406 ipsi
631 1336 789 1391 exscindere
804 1334 876 1388 belle

185 1420 338 1476 Caelicolae
350 1425 474 1492 valeant,
495 1432 550 1479 stat
563 1426 655 1478 terrea
671 1423 755 1477 turris
768 1422 802 1476 ad
814 1438 901 1487 auras,

184 1508 387 1578 Tisiphoneque
400 1512 504 1576 sedens,
520 1513 594 1581 palla
608 1512 747 1565 succincta
763 1517 885 1578 cruenta,

184 1594 365 1670 Vestibulum
374 1601 513 1653 exsomnis
526 1608 618 1654 servat
634 1607 784 1669 noctesque
796 1599 915 1668 diesque.

183 1683 256 1736 Hinc
269 1684 392 1738 exaudiri
405 1687 530 1753 gemitus,
547 1695 575 1740 et
588 1705 669 1742 saeva
681 1705 779 1742 sonare

183 1768 324 1838 Verbera,
344 1778 403 1825 tum
416 1774 519 1826 stridor
531 1775 608 1842 ferri,
626 1782 785 1844 tractaeque
798 1781 919 1828 catenae.

184 1856 316 1911 Constitit
329 1859 445 1927 Aeneas,
461 1862 631 1931 strepituque
645 1865 794 1918 exterritus
806 1865 902 1920 haesit.

185 1945 287 2010 “Quae
300 1947 434 2000 scelerum
447 1949 549 2002 faciesi
569 1951 689 2018 ovirgo,
706 1951 807 2018 effare3
830 1953 962 2020 quibusve

186 2031 323 2100 Urgentur
336 2036 450 2102 poenisl
470 2037 529 2105 quis
543 2043 636 2092 tantus
652 2038 769 2106 plangor
781 2039 815 2092 ad
829 2040 951 2094 aurasl'‘

182 2119 250 2172 Tum
265 2125 342 2173 vates
354 2122 393 2174 sic
405 2139 467 2176 orsa
479 2123 568 2192 loqui:
587 2125 677 2177 “Dux
692 2127 796 2181 inclute
810 2115 953 2196 Teucrum,

182 2206 260 2259 Nulli
272 2208 313 2261 fas
326 2216 402 2262 casto
415 2210 578 2265 sceleratum
590 2212 716 2267 insistere
728 2214 812 2270 limen
823 2236 829 2280 ;

183 2295 237 2349 Sed
249 2312 293 2348 me
306 2313 368 2349 cum
380 2296 449 2350 lucis
463 2297 567 2353 Hecate
581 2302 713 2368 praefecit
727 2305 855 2371 Auernis,

182 2379 246 2448 lpsa
258 2380 338 2433 deum
352 2398 455 2449 poenas
466 2383 568 2450 docuit,
588 2402 690 2455 perque
704 2389 797 2443 emnia
809 2390 896 2444 duxit.

182 2468 298 2521 Gnosius
310 2469 378 2522 haec
392 2469 620 2528 Rhadamanthus
636 2476 727 2546 habet,
743 2480 889 2540 durissima
900 2503 994 2557 regna,

182 2555 358 2624 Castigatque
372 2557 501 2626 auditque
514 2559 599 2628 dolos,
620 2565 778 2638 subigitque
790 2572 881 2641 fateri,

182 2642 258 2708 Quae
272 2643 332 2711 quis
344 2645 415 2712 apud
429 2662 549 2714 superos,
568 2649 644 2705 furto
658 2653 775 2710 laetatus
787 2658 871 2725 inani,

182 2729 297 2782 Distulit
309 2731 337 2783 in
351 2747 438 2785 serem
452 2735 596 2790 commis-sa
614 2739 722 2806 piacula
735 2756 861 2805 mortem,

181 2816 321 2870 Continuo
334 2820 421 2871 sontis
434 2820 518 2872 ultrix
535 2824 657 2880 accincta
672 2828 778 2900 flagello

180 2904 327 2972 Tisiphone
341 2908 431 2975 quatit
442 2910 585 2984 insultans,
607 2927 756 2993 torvosque
773 2927 883 2982 sinistra

182 2991 325 3046 lntentaus
339 2996 435 3062 anguis
449 3008 531 3055 vocat
547 3008 656 3072 agmina
670 3028 750 3068 saeva
763 3031 896 3071 sororum.

180 3078 248 3130 Tum
262 3080 371 3134 demum
382 3085 529 3144 horrisono
547 3095 695 3153 stridentes
707 3102 818 3158 cardine
831 3121 925 3160 sacrae

180 3165 342 3220 Panduntur
355 3181 459 3238 portae.
501 3177 605 3244 Cernis,
621 3186 744 3241 custodia
757 3191 844 3258 qualis

182 3252 327 3309 Vestibulo
340 3261 453 3316 sedeat'l
474 3265 560 3320 facies
574 3287 643 3337 quae
658 3273 754 3330 limina
767 3279 877 3334 servet?

180 3339 387 3412 Quinquaginta
400 3349 468 3401 atris
479 3351 607 3408 immanis
620 3357 738 3414 hiatibus
752 3362 848 3430 Hydra
900 3378 901 3382 ’

180 3427 293 3483 Saevior
307 3432 380 3487 intus
392 3435 476 3489 habet
490 3439 589 3495 sedem.
630 3444 698 3498 Turn
714 3447 845 3505 Tartarus
858 3454 916 3522 ipse

182 3513 227 3566 Bis
240 3523 316 3584 patet
329 3521 358 3572 in
371 3538 502 3591 praeceps
515 3532 621 3582 tautum
636 3534 779 3602 tenditque
792 3540 843 3591 sub
856 3542 975 3597 umbras.
