2730 3936
526 250 663 300 VERGILI
686 253 852 304 AENEIDOS
873 255 907 303 Π.

207 409 246 463 Et
259 427 310 479 me,
326 427 407 479 quem
420 411 524 465 dudum
536 429 592 465 non
607 412 662 466 ulla
675 414 775 468 iniecta
787 416 938 470 movebant

208 496 274 550 Tela
285 514 374 566 neque
387 498 503 552 adverso
516 499 661 567 glomerati
675 518 708 554 ex
721 503 830 570 agmine
844 503 919 570 Grai,

208 583 289 638 Nunc
303 602 398 639 omnes
411 591 518 639 terrent
530 603 620 655 aurae,
636 605 719 641 sonus
732 590 836 643 excitat
848 591 938 643 omnis

208 672 376 740 Suspensum
389 677 418 726 et
430 674 534 741 pariter
547 675 695 743 comitique
708 677 840 745 onerique
853 677 1007 732 timentem.
1023 678 1028 688 “

242 760 356 828 lamque
368 760 587 828 propinquabam
601 763 697 829 portis,
714 780 878 832 omnemque
891 764 1007 819 videbar

207 847 333 900 Evasisse
345 847 427 913 viam,
443 847 534 900 subito
548 864 611 901 cum
623 850 721 902 creber
734 850 768 903 ad
783 851 857 904 auris

208 933 293 987 Visus
305 933 399 986 adesse
412 933 513 1002 pedum
526 935 639 1004 sonitus,
655 937 818 1005 genitorque
831 955 881 1007 per
894 940 1019 993 umbram

207 1021 390 1090 Prospiciens,
407 1022 424 1049 ‘⁴
432 1020 459 1074 N
461 1021 534 1090 ate‚'‘'
546 1021 688 1091 exclamat,
707 1025 803 1093 “fuge
822 1033 903 1094 nate3
924 1028 1119 1096 propinquant.

207 1108 341 1162 Ardentis
353 1109 456 1177 clipeos
470 1113 551 1177 atque
564 1126 629 1162 aera
642 1111 774 1164 micantia
787 1113 898 1168 cerno.”

208 1197 259 1250 Hic
272 1196 339 1248 mihi
352 1197 444 1249 nescio
458 1195 531 1264 quod
543 1197 653 1265 trepido
667 1197 737 1251 male
751 1217 854 1254 numen
868 1202 984 1254 amicum

207 1286 360 1340 Confusam
372 1284 474 1353 eripuit
485 1290 616 1338 mentem.
655 1286 782 1356 Namque
795 1289 856 1342 avia
868 1305 949 1342 cursu

207 1374 279 1426 Dum
294 1389 393 1440 sequor
405 1377 433 1425 et
445 1378 513 1426 nota
525 1373 628 1427 excedo
642 1376 754 1444 regione
768 1377 883 1444 viarum,

207 1461 284 1514 Heul
307 1460 406 1515 misero
418 1461 539 1514 coniunx
551 1464 649 1516 fatone
662 1469 757 1532 erepta
770 1464 874 1519 Creusa

207 1547 342 1611 Substitit,
359 1548 497 1602 erravitne
509 1551 561 1618 via,
580 1567 628 1604 seu
640 1551 711 1604 lassa
724 1552 841 1605 resedit?

206 1635 361 1701 lacertum3
383 1653 434 1691 nec
447 1642 510 1705 post
521 1636 608 1690 oculis
620 1643 662 1690 est
675 1637 784 1692 reddita
796 1641 915 1706 nostris3

206 1723 264 1777 Neo
278 1723 354 1793 prius
366 1724 494 1778 amissam
509 1724 618 1792 respexi
631 1725 807 1794 animumque
820 1727 923 1797 reflexi,

207 1810 295 1876 Quam
308 1810 445 1864 tumulum
459 1812 587 1880 antiquae
601 1812 710 1865 Cereris
724 1813 871 1882 sedemque
884 1821 1019 1870 sacratam

206 1899 356 1966 Venimus,
377 1900 423 1954 hie
436 1899 546 1953 demum
560 1899 682 1952 collectis
697 1900 824 1954 omnibus
836 1919 891 1956 nna

205 1986 308 2053 Defuit,
324 1991 352 2040 et
365 1987 480 2040 comites
493 1992 644 2055 natumque
657 1991 801 2057 virumque
815 1988 922 2043 fefellit.

206 2073 295 2138 Quem
306 2090 363 2125 non
376 2074 500 2126 incusavi
513 2090 608 2128 aureus
620 2073 820 2144 hominumque
833 2076 1009 2144 deorumque,

205 2159 264 2212 Aut
278 2159 342 2228 quid
353 2161 382 2212 iu
396 2176 491 2213 eversa
504 2159 561 2212 vidi
575 2160 712 2214 crudelius
726 2162 812 2215 arbel

204 2250 355 2304 Ascanium
369 2250 565 2318 Anchisenque
578 2256 685 2318 patrem
699 2248 871 2318 Teucrosque
883 2249 995 2303 Penatis

205 2337 376 2392 Commendo
390 2338 469 2394 sociis
484 2342 512 2390 et
525 2354 609 2390 curva
624 2337 693 2390 valle
707 2337 843 2404 recond03

204 2424 266 2494 Ipse
280 2426 375 2479 urbem
389 2430 486 2494 repeto
499 2430 527 2479 et
540 2425 635 2492 cingor
648 2425 818 2492 fulgentibus
831 2425 923 2478 armis.

204 2512 266 2566 Stat
278 2530 356 2567 casus
368 2529 501 2567 renovare
515 2513 611 2580 omnis,
630 2529 795 2580 omnemque
807 2513 912 2566 reverti

204 2598 258 2652 Per
271 2599 388 2668 Troiam,
403 2607 431 2654 et
443 2617 537 2653 rursus
551 2604 634 2668 capnt
649 2599 788 2653 obiectare
801 2599 919 2668 periclis.

239 2686 381 2756 Principio
394 2704 488 2740 muros
501 2689 671 2756 obscuraque
685 2686 782 2740 limina
794 2691 899 2755 portae,

204 2773 266 2838 Qua
278 2791 400 2842 gressum
415 2775 574 2841 extuleram,
591 2780 695 2843 repete,
713 2779 741 2828 et
753 2774 870 2841 vestigia
881 2779 958 2828 retro

204 2861 359 2915 Observata
372 2878 470 2930 sequor
482 2879 531 2930 per
544 2868 654 2915 noctem
669 2868 697 2916 et
710 2863 813 2915 lumine
825 2861 921 2915 lustro.

204 2947 310 3002 Horror
323 2950 424 3018 ubique
438 2949 551 3013 animos,
567 2949 648 3001 simul
660 2950 721 3018 ipsa
734 2949 843 3002 silentio
855 2952 972 3003 terrent.

204 3033 271 3088 Inde
284 3035 404 3104 domum,
419 3036 442 3089 si
454 3036 528 3089 forte
542 3036 649 3104 pedem,
666 3037 687 3088 si
702 3037 773 3090 forte
787 3035 902 3103 tulisset,

203 3121 248 3175 Me
261 3123 359 3177 refero.
397 3122 546 3176 Inruerant
558 3123 655 3191 Danai,
672 3129 699 3176 et
713 3128 816 3177 tectum
831 3139 913 3176 omne
926 3122 1067 3178 tenebant.

203 3208 284 3264 llicet
294 3209 366 3278 ignis
380 3209 450 3263 edax
462 3227 568 3264 summa
581 3210 615 3264 ad
629 3211 737 3278 fastigia
750 3218 834 3263 vento

203 3297 352 3365 Volvitur3
373 3302 540 3365 exsuperant
552 3296 685 3365 flammae,
701 3297 874 3360 faritaestus
887 3296 922 3350 ad
935 3313 1022 3351 auras.

202 3382 327 3438 Procedo
341 3389 369 3438 et
381 3383 484 3437 Priami
497 3384 575 3437 sedes
588 3401 733 3452 arcemque
746 3384 844 3438 reviso.

202 3469 239 3522 Et
251 3471 305 3523 iam
317 3470 471 3539 porticibus
483 3471 577 3524 vacuis
589 3471 702 3524 lunonis
716 3470 792 3537 asylo

204 3557 339 3611 Oustodes
350 3557 416 3610 lecti
430 3556 536 3611 Phenix
549 3563 577 3610 et
590 3557 666 3611 dirus
679 3557 774 3611 Ulixes
