2730 3936
532 197 670 246 valrani
693 197 858 246 AENEIDOS
880 198 899 246 1.

205 359 295 427 Exuit,
311 365 339 412 et
351 376 445 428 gressu
458 359 579 428 gaudens
590 359 694 412 incedit
706 357 768 412 Iuii.

206 446 244 501 At
257 446 353 500 Venus
367 447 487 501 Ascanio
500 446 636 515 placidam
649 463 698 514 per
711 446 835 500 membra
847 447 967 515 quietem

203 534 316 602 inrigat,
332 540 359 587 et
371 534 461 587 fotum
474 533 580 603 gremio
593 533 644 586 dea
655 533 730 586 tollit
740 533 769 586 in
782 532 852 586 altos

203 619 305 674 idaliae
318 620 402 689 lucos,
417 621 464 674 ubi
476 620 567 673 mollis
579 636 722 674 amaracus
734 619 811 673 illurn

204 708 329 761 Floribus
341 715 369 762 et
382 708 456 761 dulci
468 708 593 776 aspirans
605 707 797 776 complectitur
809 709 915 764 umbra

238 794 350 864 Iamque
363 794 422 849 ibat
435 794 510 848 dicto
523 811 622 862 parens
636 801 664 848 et
678 795 752 848 dona
766 794 874 864 Oupido

203 881 290 950 Regia
303 883 431 950 portabat
445 881 540 950 Tyriis,
556 881 626 935 duce
639 881 726 935 laetus
739 881 855 936 Achate.

203 969 273 1022 (lum
286 969 370 1037 venit,
386 969 488 1023 aulaeis
500 969 555 1023 iam
569 985 597 1022 se
610 969 705 1038 regina
717 969 841 1038 superbis

203 1056 296 1110 Aurea
305 1056 459 1125 composuit
471 1056 578 1126 sponda
590 1056 762 1125 mediamque
774 1057 894 1124 locavit3

202 1143 259 1197 iam
273 1149 352 1212 pater
365 1144 476 1198 Aeneas
489 1150 517 1197 et
529 1143 584 1198 iam
598 1143 717 1198 Troiana
728 1146 856 1198 iuventus

203 1231 386 1296 Conveniunt,
401 1237 542 1300 stratoque
555 1248 638 1301 super
650 1231 831 1286 discumbitur
844 1238 927 1288 ostro.

201 1318 277 1371 Dant
290 1319 385 1371 famuli
398 1319 525 1372 manibus
536 1318 672 1388 lymphas,
688 1318 871 1388 Cereremque
883 1321 1010 1376 canistris

201 1404 369 1474 Expediuut,
387 1406 527 1474 tonsisque
541 1406 634 1459 ferunt
645 1406 777 1460 mantelia
788 1407 868 1461 villis.

203 1492 409 1561 Quinquaginta
421 1494 494 1547 intus
506 1493 633 1561 famulae,
648 1493 746 1561 quibus
759 1494 856 1548 ordine
867 1494 951 1564 longo

202 1579 276 1633 Oura
287 1595 389 1648 penum
407 1589 520 1648 struere,
535 1585 562 1634 et
574 1579 691 1635 fiammis
704 1579 813 1634 adolere
826 1581 953 1650 Penatis,

202 1665 320 1720 (lentum
334 1666 403 1720 aliae
417 1667 588 1737 totidemque
600 1687 681 1739 pares
693 1675 784 1725 aetate
797 1669 924 1736 ministri,

205 1756 258 1821 Qui
271 1757 388 1826 dapibus
400 1775 507 1812 mensas
519 1763 636 1811 onerent
648 1763 677 1811 et
689 1758 789 1827 pocula
800 1767 915 1826 ponant.

203 1842 263 1898 Nec
275 1860 331 1897 ucn
344 1850 372 1898 et
384 1844 460 1912 Tyrii
472 1861 522 1914 per
533 1845 630 1899 limina
641 1845 715 1900 laeta
726 1846 885 1914 trequentes

201 1933 369 2004 Convenere,
384 1935 452 1989 toris
464 1935 529 1989 iussi
540 1934 711 1990 discumbere
723 1936 812 2003 pictis.

200 2020 337 2076 Mirantur
349 2023 422 2076 done
436 2023 555 2080 Aeneae.
569 2023 705 2077 mirentur
718 2022 808 2076 lulum

200 2108 406 2179 Flagrantisque
419 2110 464 2164 dei
476 2111 573 2164 voltus·
583 2110 763 2179 simulataque
777 2111 868 2179 verba,

199 2194 357 2266 Pallamque
370 2204 398 2251 et
411 2198 514 2266 pictum
530 2214 626 2272 croceo
639 2197 763 2252 velamen
777 2197 902 2253 acantho.

199 2283 349 2353 Praecipue
361 2285 465 2353 infelix,
480 2286 549 2354 pesti
564 2285 664 2340 devota
674 2287 792 2353 futurae,

199 2369 311 2441 Expleri
323 2378 445 2426 mentem
459 2373 555 2442 nequit
568 2374 740 2442 ardescitque
753 2374 857 2428 tuendo

199 2459 358 2528 Phoenissa,
374 2467 402 2513 et
416 2460 517 2529 pariter
530 2477 616 2528 puero
629 2461 762 2530 donisque
774 2468 911 2516 movetur.

199 2545 249 2598 llle
263 2547 310 2599 ubi
323 2547 468 2616 complexu
482 2547 594 2602 Aeneae
607 2548 733 2617 colloque
750 2547 883 2617 pependit

199 2631 235 2686 Et
248 2651 374 2702 magnum
389 2634 454 2688 falsi
466 2635 592 2704 implevit
605 2635 739 2702 genitoris
752 2651 881 2702 amorem,

199 2720 332 2788 Reginam
346 2722 425 2791 petit.
464 2721 539 2776 Haec
553 2722 647 2785 oeulis,
662 2722 731 2776 haec
743 2729 855 2790 pectore
867 2726 929 2776 tcto

200 2807 310 2872 Haeret,
326 2815 353 2861 et
365 2808 505 2862 interdum
518 2810 624 2877 gremio
637 2810 720 2876 fovet,
732 2809 817 2862 inscia
829 2808 910 2875 Didc,

199 2893 319 2948 lusideat
332 2901 450 2964 quantus
462 2896 579 2949 miserae
591 2895 666 2950 deus.
707 2897 745 2950 At
757 2912 864 2949 mernor
877 2895 924 2950 ille

199 2981 295 3036 Matris
308 2982 447 3036 Acidaliae
460 2982 591 3050 paulatim
606 2983 716 3038 abolere
729 2981 882 3050 Sychaeum

199 3069 307 3138 incipit,
323 3075 350 3123 et
362 3070 428 3123 vivo
440 3075 559 3138 temptat
571 3075 745 3139 praevertere
758 3087 852 3123 amore

199 3155 377 3224 Iampridem
390 3156 494 3210 resides
507 3157 613 3210 animos
626 3155 793 3227 desuetaque
807 3156 898 3212 corda.

233 3243 384 3312 Postquam
397 3243 486 3312 prima
499 3244 575 3312 quies
588 3244 683 3312 epulis,
696 3260 861 3312 mensaeque
874 3248 1005 3310 remotae,

200 3331 327 3384 Crateras
340 3347 452 3398 magnos
465 3335 591 3385 statuunt
603 3337 632 3383 et
645 3331 709 3384 vina
721 3337 863 3386 coronant.

199 3416 244 3468 Fit
258 3416 387 3483 strepitus
399 3415 488 3482 tectis,
503 3433 654 3484 vocemque
666 3435 716 3484 per
728 3418 819 3486 ampla
831 3417 959 3471 volutant

199 3501 295 3568 Atria,
316 3501 474 3569 dependent
485 3501 580 3568 lychni
592 3500 768 3569 laquearibus
780 3504 870 3556 aureis
