2656 3940
522 219 659 269 VERGILI
683 216 847 265 AENEIDOS
870 215 940 264 VIII.

217 384 263 437 Sol
275 383 396 437 medium
408 382 475 437 oaeli
489 380 687 435 conscenderat
699 381 796 448 igneus
808 378 911 442 orbem,

217 471 286 524 Ourn
300 487 395 524 muros
409 485 554 538 arcemque
567 467 665 535 proeul
678 483 709 520 ao
722 481 785 519 rara
797 463 944 518 domorum

216 559 300 612 Tecta
313 558 415 626 vident,
431 573 500 625 quae
512 572 586 608 nuno
601 555 725 608 Romana
739 552 864 621 potentia
877 551 952 604 eaelo

217 646 373 714 Aequavit3
397 652 455 697 tum
466 661 510 697 res
522 644 619 713 inopes
633 642 778 695 Euandrus
791 639 919 693 habebat.

217 733 301 786 Ooius
314 733 463 786 advertunt
476 747 581 800 proras,
598 731 714 798 urbique
728 727 924 796 propinquant.

252 819 335 873 Forte
349 819 393 872 die
406 818 566 872 sollemnem
579 816 627 870 IIlo
641 833 690 869 rex
703 816 792 868 Areas
805 813 939 866 honorem

220 906 484 974 Amphitryoniadae
497 921 597 972 magno
612 903 737 971 divisque
750 901 859 954 ferebat

217 996 293 1048 Ante
306 995 403 1047 urbem
414 993 444 1046 in
457 993 528 1046 Iuoo.
568 991 659 1044 Pallas
673 991 737 1042 huie
751 988 822 1042 filius
835 1005 897 1055 una,

218 1081 280 1135 Una
292 1098 387 1134 omnes
400 1081 529 1134 iuvenum
542 1078 623 1146 primi
641 1091 798 1145 pauperque
811 1082 921 1129 senatus

217 1169 290 1223 Tura
301 1169 413 1232 dabant,
427 1167 590 1236 tepidusque
606 1182 688 1219 eruor
703 1163 827 1217 fumabat
841 1163 875 1216 ad
890 1180 959 1218 aras.

218 1256 256 1310 Ut
269 1256 354 1310 celsas
367 1256 460 1308 videre
474 1263 554 1320 rates,
570 1259 651 1322 atque
664 1253 737 1305 inter
750 1266 867 1318 opacum

218 1343 319 1396 AdIabi
331 1360 435 1408 nemus,
451 1347 479 1394 et
492 1341 585 1394 tacitis
599 1338 758 1393 Incumbere
772 1338 862 1404 remis,

218 1429 367 1484 Torrentur
381 1431 441 1483 visu
454 1431 553 1497 subito,
566 1428 712 1496 ounotique
725 1425 828 1479 relictis
857 1441 870 1464 s

218 1518 396 1586 Consurgunt
407 1519 517 1572 mensis.
556 1516 656 1569 Audax
670 1531 738 1585 quos
751 1529 879 1582 rumpere
892 1512 983 1567 Pallas

218 1605 301 1659 Sacra
314 1609 398 1673 vetat,
412 1610 547 1674 raptoque
561 1603 635 1657 volat
647 1603 705 1656 teIo
720 1602 818 1655 obvius
830 1601 896 1670 ipse,

218 1693 254 1745 Et
267 1694 362 1761 procul
375 1709 390 1747 e
403 1692 511 1745 tumulo
525 1695 541 1720 “
551 1692 674 1760 Iuvenes,
690 1707 759 1759 quae
772 1705 853 1742 eausa
866 1687 974 1755 subegit

218 1779 331 1847 Ignotae
344 1786 480 1849 temptare
494 1781 567 1833 viasI
588 1796 642 1848 quo
655 1777 786 1832 tenditis?
796 1776 812 1803 ''
826 1776 923 1845 inquit.

220 1866 298 1931 “Qui
312 1867 414 1934 genus?
433 1867 508 1920 unde
521 1866 624 1920 domoI
645 1883 775 1934 pacemne
788 1866 843 1919 huo
855 1865 942 1932 fertis
959 1882 992 1919 an
1006 1882 1083 1920 arma
1092 1867 1104 1920 I
1114 1867 1131 1893 ’³

219 1954 286 2007 Tum
301 1962 379 2022 pater
392 1955 501 2007 Aeneas
514 1955 599 2023 puppi
613 1955 652 2007 sio
664 1955 739 2007 fatur
754 1954 788 2006 ab
801 1953 864 2020 alta,

219 2040 416 2110 Paoiieraeque
428 2058 511 2094 manu
525 2058 631 2094 ramum
645 2041 803 2109 praetendit
817 2041 922 2094 olivae:

221 2128 415 2197 “Troiugenas
427 2145 459 2182 ao
471 2129 527 2182 tela
541 2129 615 2182 vides
628 2130 739 2182 inimica
752 2130 864 2197 Latinis,

219 2217 294 2282 Quos
306 2217 346 2270 iIIi
360 2216 432 2271 bello
445 2217 575 2285 profugos
588 2233 667 2284 egere
687 2219 813 2286 superbo.

219 2305 377 2359 Euandrum
390 2305 518 2373 petimus.
555 2304 638 2358 Ferte
650 2304 724 2371 haee,
739 2311 768 2359 et
780 2307 870 2372 dieite,
885 2307 971 2361 Ieetos

218 2392 373 2446 Dardaniae
387 2393 492 2446 venisse
504 2392 595 2459 duces,
610 2393 683 2445 sooia
696 2410 772 2446 arma
785 2395 933 2463 rogantis.''

219 2480 362 2546 Obstipuit¹
372 2485 450 2533 tanto
463 2496 607 2548 percussus
619 2481 730 2533 nomine
743 2481 847 2535 Pallas:

221 2573 237 2594 ‘⁴
248 2565 386 2632 Egredere
398 2583 415 2619 o
428 2567 591 2636 qquumque
604 2583 633 2620 es
641 2566 656 2594 ’⁷
670 2568 709 2621 ait
725 2570 898 2638 “coramque
911 2576 1053 2638 parentem

219 2655 385 2723 Adloquere‚
399 2671 430 2708 ao
444 2654 544 2708 nostris
556 2655 670 2708 suooede
685 2657 830 2724 penatibus
842 2656 969 2725 hospes.'’

218 2743 389 2810 Excepitque
402 2759 492 2808 manu,
507 2741 686 2811 dextramque
703 2744 845 2812 amplexus
858 2743 985 2797 inhaesit.

219 2829 360 2897 Progressi
373 2829 491 2882 subeunt
503 2829 573 2896 que,
590 2829 759 2899 fluviumque
773 2830 940 2900 relinquunt.

254 2916 324 2969 Tum
336 2933 428 2984 regern
442 2917 551 2970 Aeneas
564 2916 644 2970 dietis
658 2917 767 2971 adfatur
781 2918 890 2972 amieis:

221 3006 237 3032 “
246 3003 357 3071 Optime
371 3003 565 3070 Graiugenum,
580 3005 623 3057 oui
637 3021 681 3057 me
694 3005 817 3058 Fortuna
830 3005 936 3074 precari

219 3091 255 3144 Et
267 3093 338 3145 vitta
350 3098 474 3161 oomptos
487 3092 575 3145 voluit
589 3092 769 3160 praetendere
782 3110 881 3162 ramos,

221 3177 245 3229 N
248 3195 283 3230 on
297 3179 423 3246 equidem
438 3180 561 3245 extimui,
577 3178 705 3232 Danaum
720 3181 791 3249 quod
806 3181 905 3234 duotor
918 3185 947 3233 et
959 3180 1056 3248 Areas,

220 3264 354 3332 Quodque
367 3267 400 3319 ab
414 3267 499 3334 sttrpe
512 3267 588 3318 fores
599 3267 716 3334 geminis
728 3268 891 3321 ooniunotus
902 3267 1025 3336 Atridis;
1191 3271 1236 3322 130

220 3351 272 3404 Sed
287 3369 348 3405 meu
361 3370 403 3404 me
417 3353 505 3405 virtus
518 3360 545 3404 et
559 3359 653 3406 saneta
666 3354 777 3406 oracula
789 3355 891 3421 divom,

221 3438 390 3506 Cognatique
403 3444 502 3505 patres,
518 3448 566 3492 tua
578 3440 659 3492 terris
668 3440 755 3493 didita
768 3441 847 3506 fama,

222 3523 395 3577 Ooniunxere
408 3525 466 3590 tibi,
482 3532 509 3576 et
522 3524 585 3578 fatis
598 3542 678 3591 egere
693 3527 839 3580 volentem.
