2656 3940
490 230 629 279 VERGILI
650 229 815 280 AENEIDOS
838 230 868 282 X.

175 391 282 448 Aeneas
292 390 406 460 ignarus
418 391 504 446 abest.
541 391 737 460 Numquamne
751 391 838 445 levari

173 477 322 532 Obsidione
335 479 426 533 sines?
446 479 532 532 muris
544 479 644 532 iterum
657 480 783 532 imminet
794 479 884 532 hostis

172 565 318 620 Nascentis
330 565 436 634 Troiae,
447 583 498 620 neo
510 583 567 620 non
580 567 718 620 exereitus
731 566 816 634 alter;

171 653 264 722 Atque
278 654 377 706 iterum
391 653 420 706 in
430 653 550 708 Teucros
563 654 671 707 Aetolis
682 655 770 721 surgit
783 654 817 708 ab
829 655 915 723 Arpis

172 740 299 808 Tydides.
337 739 473 809 Equidem
487 741 577 809 crede,
592 757 655 794 mea
666 741 781 794 volnera
794 747 907 811 restant,

171 828 208 882 Et
220 834 268 882 tua
280 829 424 896 progenies
436 829 566 882 mortalia
579 828 709 882 demoror
721 831 811 884 armai

172 916 200 969 Si
214 917 273 969 sine
282 932 350 984 pace
361 921 410 969 tus
422 921 504 984 atque
516 916 605 968 invito
618 917 731 969 numine
744 916 830 970 Troes

172 1001 280 1055 Italiam
292 1002 414 1071 petiere3
435 1001 644 1069 luantpecoata,
658 1017 748 1069 neque
760 1001 823 1055 illos
926 1053 945 1058 ..

172 1089 277 1142 Iuveris
290 1088 408 1156 auxili03
429 1089 472 1141 sin
484 1094 528 1141 tot
540 1105 673 1157 responsa
685 1091 781 1157 secuti,

172 1177 250 1242 Quae
263 1176 361 1246 Superi
374 1175 523 1246 Manesque
536 1174 656 1229 dabant:
677 1193 728 1229 cur
739 1192 813 1230 nune
825 1183 874 1231 tna
886 1178 1028 1247 quisquam

171 1264 290 1318 Vertere
302 1265 375 1317 iussa
387 1268 486 1332 potest,
501 1271 550 1316 aut
562 1279 611 1315 our
626 1279 697 1316 nova
710 1264 828 1318 condere
840 1265 917 1319 fatui

172 1352 246 1417 Quid
258 1358 382 1420 repetam
395 1358 505 1404 exustas
519 1350 639 1417 Erycino
654 1351 684 1403 in
699 1350 781 1404 litore
794 1351 907 1405 classici

171 1439 245 1505 Quid
256 1445 451 1507 tempestatum
465 1455 565 1507 regem,
581 1444 733 1506 ventosque
746 1439 866 1492 furentis

170 1527 272 1581 Aeolia
283 1529 395 1593 excitos,
410 1531 457 1580 aut
470 1532 560 1580 actam
573 1527 692 1580 nubibus
705 1525 790 1580 Irim?

171 1614 198 1667 N
200 1632 253 1668 unc
266 1615 350 1668 etiarn
362 1614 556 1668 Manis-haec
567 1614 734 1682 intemptata
752 1615 882 1668 manebat

171 1703 237 1756 Sors
249 1707 478 1770 rerum-movet,
494 1707 522 1755 et
534 1701 640 1770 superis
652 1702 774 1756 immissa
785 1711 901 1770 repente

170 1790 289 1859 Allecto,
303 1789 408 1844 medias
420 1789 522 1843 Italum
534 1790 668 1844 bacchata
680 1806 730 1858 per
745 1790 836 1844 urbes.

170 1877 218 1932 Nil
230 1895 313 1948 super
324 1877 440 1945 imperio
452 1894 579 1943 moveor3
601 1877 771 1946 speravimus
785 1877 843 1944 ista,

171 1966 240 2020 (lum
254 1966 366 2020 fortuna
377 1965 446 2032 fuit3
469 1966 588 2031 vincant,
604 1982 672 2034 quos
685 1967 794 2020 vincere
807 1967 902 2020 mavis.

171 2054 200 2108 si
213 2054 290 2108 nulla
301 2060 343 2107 est
356 2053 440 2121 regie,
454 2051 567 2106 Teucris
580 2069 661 2121 quam
677 2053 725 2106 det
737 2058 786 2108 tua
800 2055 922 2109 coniunx

170 2141 255 2208 Dura,
270 2158 319 2209 per
331 2156 450 2208 eversae,
465 2140 581 2207 genitor,
596 2141 733 2196 fumantia
745 2141 843 2196 Troiae

171 2228 299 2283 Exscidia
311 2228 442 2292 obtestor,
457 2226 539 2280 liceat
551 2227 692 2282 dimittere
705 2230 739 2283 ab
753 2231 837 2284 armis

171 2316 339 2369 Incolumem
354 2315 511 2383 Ascanium,
525 2314 608 2368 liceat
621 2333 764 2384 superesse
778 2324 913 2388 nepotem.

171 2404 279 2457 Aeneas
292 2419 357 2455 sane
370 2402 472 2469 ignotis
484 2402 603 2455 iactetur
614 2404 642 2456 in
655 2405 744 2474 undis,

171 2490 214 2554 Et,
230 2505 415 2558 quaecumque
432 2490 504 2542 viam
518 2489 625 2543 dederit
638 2491 769 2562 Fortuna,
785 2499 928 2562 sequatur:

171 2576 252 2629 Hunc
265 2583 358 2644 tegere
371 2585 399 2630 et
411 2576 486 2630 dirae
499 2577 604 2631 valeam
615 2579 768 2634 subducere
781 2598 908 2650 pugnae:

169 2664 220 2717 Est
234 2664 378 2732 Amathus,
393 2670 434 2717 est
447 2663 519 2718 celsa
532 2666 599 2718 mihi
616 2665 725 2736 Paphos
739 2674 820 2738 atque
833 2668 963 2737 Cythera,

170 2751 327 2820 Idaliaeque
340 2752 453 2806 domus:
475 2754 571 2822 positis
585 2755 718 2823 inglorius
731 2757 814 2809 armis

169 2839 271 2907 Exiget
283 2839 328 2892 hic
341 2856 447 2893 aevum.
485 2841 587 2909 Magna
600 2842 709 2896 dicione
721 2843 817 2897 iubeto

170 2925 313 2995 Karthago
325 2932 434 2996 premat
446 2929 612 2982 Ausoniam:
633 2929 703 2984 nihil
714 2930 829 2984 urbibus
841 2931 905 2984 inde

170 3014 300 3068 Obstabit
309 3013 407 3082 Tyriis.
446 3015 517 3080 Quid
533 3021 639 3085 pestem
655 3017 772 3071 evadere
785 3015 850 3071 belli

169 3100 244 3155 Iuvit
256 3107 284 3156 et
296 3100 443 3169 Argolicos
455 3103 575 3156 medium
590 3103 691 3172 fugisse
704 3121 753 3172 per
765 3105 844 3173 ignis,

169 3186 276 3257 Totque
289 3189 372 3242 maris
386 3195 534 3258 vastaeque
549 3190 682 3244 exhausta
696 3191 817 3259 pericula
830 3195 929 3260 terrae,

169 3273 242 3328 Dum
256 3275 366 3329 Latium
380 3277 477 3329 Teucri
491 3277 668 3346 recidivaque
679 3278 813 3345 Pergama
828 3279 982 3347 quaerenti

68 3419 73 3427 ¹
170 3359 236 3414 Non
248 3362 340 3428 satine,
355 3363 460 3416 cineres
473 3365 577 3431 patriae
591 3365 724 3418 insedisse
737 3383 879 3433 supremos

170 3447 263 3515 Atque
276 3447 372 3514 solum,
388 3465 441 3516 quc
454 3448 536 3503 Troia
548 3451 622 3504 fuiti
641 3451 784 3505 Xanthum
798 3459 826 3506 et
839 3453 982 3507 Simoenta

171 3532 274 3601 Redde,
289 3549 345 3599 oro,
361 3533 474 3600 miseris,
488 3537 643 3605 iterumque
656 3539 797 3592 revolvere
810 3556 889 3593 casus
