<?xml version="1.0" encoding="UTF-8"?>
<!DOCTYPE html PUBLIC "-//W3C//DTD XHTML 1.0 Transitional//EN"
    "http://www.w3.org/TR/xhtml1/DTD/xhtml1-transitional.dtd">
<html xmlns="http://www.w3.org/1999/xhtml" xml:lang="en" lang="en">
 <head>
  <title>
</title>
<meta http-equiv="Content-Type" content="text/html;charset=utf-8" />
  <meta name='ocr-system' content='tesseract 3.04.00' />
  <meta name='ocr-capabilities' content='ocr_page ocr_carea ocr_par ocr_line ocrx_word'/>
</head>
<body>
  <div class='ocr_page' id='page_1' title='image "./arevisedtextpoe00virggoog_0095.png"; bbox 0 0 2734 3936; ppageno 0'>
   <div class='ocr_carea' id='block_1_1' title="bbox 421 201 839 252">
    <p class='ocr_par' dir='ltr' id='par_1_1' title="bbox 421 201 839 252">
     <span class='ocr_line' id='line_1_1' title="bbox 421 201 839 252; baseline 0.005 -2"><span class='ocrx_word' id='word_1_1' title='bbox 421 201 559 252; x_wconf 78' lang='lat' dir='ltr'><strong>VERGILI</strong></span> <span class='ocrx_word' id='word_1_2' title='bbox 582 202 770 252; x_wconf 75' lang='lat' dir='ltr'>eucnemon</span> <span class='ocrx_word' id='word_1_3' title='bbox 793 202 839 252; x_wconf 90' lang='lat'>111.</span> 
     </span>
    </p>
   </div>
   <div class='ocr_carea' id='block_1_2' title="bbox 121 351 912 1918">
    <p class='ocr_par' dir='ltr' id='par_1_2' title="bbox 121 351 912 1918">
     <span class='ocr_line' id='line_1_2' title="bbox 130 351 755 433; baseline 0.002 -16"><span class='ocrx_word' id='word_1_4' title='bbox 130 363 167 417; x_wconf 82' lang='lat' dir='ltr'>Sit</span> <span class='ocrx_word' id='word_1_5' title='bbox 178 351 286 433; x_wconf 79' lang='lat' dir='ltr'>genitali</span> <span class='ocrx_word' id='word_1_6' title='bbox 298 381 365 420; x_wconf 86' lang='lat' dir='ltr'>arvo</span> <span class='ocrx_word' id='word_1_7' title='bbox 379 369 409 418; x_wconf 89' lang='lat' dir='ltr'>et</span> <span class='ocrx_word' id='word_1_8' title='bbox 421 365 511 418; x_wconf 86' lang='lat' dir='ltr'>sulcos</span> <span class='ocrx_word' id='word_1_9' title='bbox 523 364 638 419; x_wconf 75' lang='lat' dir='ltr'>oblimet</span> <span class='ocrx_word' id='word_1_10' title='bbox 649 365 755 430; x_wconf 80' lang='lat' dir='ltr'>inertis,</span> 
     </span>
     <span class='ocr_line' id='line_1_3' title="bbox 129 450 873 522; baseline 0.003 -19"><span class='ocrx_word' id='word_1_11' title='bbox 129 450 179 504; x_wconf 87' lang='lat' dir='ltr'>Sed</span> <span class='ocrx_word' id='word_1_12' title='bbox 189 453 276 522; x_wconf 86' lang='lat' dir='ltr'>rapiat</span> <span class='ocrx_word' id='word_1_13' title='bbox 289 453 384 506; x_wconf 90' lang='lat' dir='ltr'>sitiens</span> <span class='ocrx_word' id='word_1_14' title='bbox 396 451 536 506; x_wconf 81' lang='lat' dir='ltr'><strong>Venerem</strong></span> <span class='ocrx_word' id='word_1_15' title='bbox 550 452 719 520; x_wconf 88' lang='lat' dir='ltr'>interiusque</span> <span class='ocrx_word' id='word_1_16' title='bbox 732 451 873 506; x_wconf 86' lang='lat' dir='ltr'>recondat.</span> 
     </span>
     <span class='ocr_line' id='line_1_4' title="bbox 159 537 912 608; baseline -0.001 -16"><span class='ocrx_word' id='word_1_17' title='bbox 159 537 260 592; x_wconf 85' lang='lat' dir='ltr'>Rursus</span> <span class='ocrx_word' id='word_1_18' title='bbox 272 556 338 593; x_wconf 87' lang='lat' dir='ltr'>cure</span> <span class='ocrx_word' id='word_1_19' title='bbox 349 545 459 608; x_wconf 89' lang='lat' dir='ltr'>patrum</span> <span class='ocrx_word' id='word_1_20' title='bbox 474 539 578 608; x_wconf 86' lang='lat' dir='ltr'>cedere,</span> <span class='ocrx_word' id='word_1_21' title='bbox 593 547 621 592; x_wconf 89' lang='lat' dir='ltr'>et</span> <span class='ocrx_word' id='word_1_22' title='bbox 633 539 779 592; x_wconf 89' lang='lat' dir='ltr'>succedere</span> <span class='ocrx_word' id='word_1_23' title='bbox 792 543 912 592; x_wconf 85' lang='lat' dir='ltr'>matrum</span> 
     </span>
     <span class='ocr_line' id='line_1_5' title="bbox 129 625 861 695; baseline 0.001 -18"><span class='ocrx_word' id='word_1_24' title='bbox 129 625 229 695; x_wconf 90' lang='lat' dir='ltr'>Incipit.</span> <span class='ocrx_word' id='word_1_25' title='bbox 265 627 377 680; x_wconf 77' lang='lat' dir='ltr'>Exactis</span> <span class='ocrx_word' id='word_1_26' title='bbox 389 627 520 695; x_wconf 86' lang='lat' dir='ltr'>gravidae</span> <span class='ocrx_word' id='word_1_27' title='bbox 532 643 595 680; x_wconf 92' lang='lat' dir='ltr'>cum</span> <span class='ocrx_word' id='word_1_28' title='bbox 606 626 747 679; x_wconf 90' lang='lat' dir='ltr'>mensibus</span> <span class='ocrx_word' id='word_1_29' title='bbox 759 630 861 692; x_wconf 82' lang='lat' dir='ltr'>errant,</span> 
     </span>
     <span class='ocr_line' id='line_1_6' title="bbox 127 711 895 783; baseline -0.003 -17"><span class='ocrx_word' id='word_1_30' title='bbox 127 712 152 766; x_wconf 90' lang='lat' dir='ltr'>N</span> <span class='ocrx_word' id='word_1_31' title='bbox 152 731 187 766; x_wconf 94' lang='lat' dir='ltr'>on</span> <span class='ocrx_word' id='word_1_32' title='bbox 197 713 257 768; x_wconf 90' lang='lat' dir='ltr'>illas</span> <span class='ocrx_word' id='word_1_33' title='bbox 269 714 399 782; x_wconf 86' lang='lat' dir='ltr'>gravibus</span> <span class='ocrx_word' id='word_1_34' title='bbox 412 714 555 783; x_wconf 89' lang='lat' dir='ltr'>quisquam</span> <span class='ocrx_word' id='word_1_35' title='bbox 567 714 631 782; x_wconf 90' lang='lat' dir='ltr'>iuga</span> <span class='ocrx_word' id='word_1_36' title='bbox 643 713 745 766; x_wconf 89' lang='lat' dir='ltr'>ducere</span> <span class='ocrx_word' id='word_1_37' title='bbox 757 711 895 781; x_wconf 85' lang='lat' dir='ltr'>plaustris,</span> 
     </span>
     <span class='ocr_line' id='line_1_7' title="bbox 126 801 760 871; baseline 0.002 -19"><span class='ocrx_word' id='word_1_38' title='bbox 126 801 150 852; x_wconf 90' lang='lat' dir='ltr'>N</span> <span class='ocrx_word' id='word_1_39' title='bbox 152 818 185 853; x_wconf 92' lang='lat' dir='ltr'>on</span> <span class='ocrx_word' id='word_1_40' title='bbox 198 802 267 856; x_wconf 89' lang='lat' dir='ltr'>saltu</span> <span class='ocrx_word' id='word_1_41' title='bbox 280 817 410 871; x_wconf 83' lang='lat' dir='ltr'>superare</span> <span class='ocrx_word' id='word_1_42' title='bbox 422 802 495 855; x_wconf 88' lang='lat' dir='ltr'>viam</span> <span class='ocrx_word' id='word_1_43' title='bbox 508 801 543 854; x_wconf 89' lang='lat' dir='ltr'>sit</span> <span class='ocrx_word' id='word_1_44' title='bbox 554 817 650 870; x_wconf 85' lang='lat' dir='ltr'>passus</span> <span class='ocrx_word' id='word_1_45' title='bbox 663 806 691 854; x_wconf 88' lang='lat' dir='ltr'>et</span> <span class='ocrx_word' id='word_1_46' title='bbox 703 801 760 854; x_wconf 88' lang='lat' dir='ltr'>acri</span> 
     </span>
     <span class='ocr_line' id='line_1_8' title="bbox 126 887 808 958; baseline 0 -17"><span class='ocrx_word' id='word_1_47' title='bbox 126 887 238 957; x_wconf 76' lang='lat' dir='ltr'><strong>Carpere</strong></span> <span class='ocrx_word' id='word_1_48' title='bbox 250 893 331 958; x_wconf 90' lang='lat' dir='ltr'>prata</span> <span class='ocrx_word' id='word_1_49' title='bbox 342 889 410 956; x_wconf 85' lang='lat' dir='ltr'>fuga</span> <span class='ocrx_word' id='word_1_50' title='bbox 420 887 573 957; x_wconf 85' lang='lat' dir='ltr'>fluviosque</span> <span class='ocrx_word' id='word_1_51' title='bbox 585 889 682 941; x_wconf 87' lang='lat' dir='ltr'>innare</span> <span class='ocrx_word' id='word_1_52' title='bbox 694 887 808 956; x_wconf 88' lang='lat' dir='ltr'>rapacis.</span> 
     </span>
     <span class='ocr_line' id='line_1_9' title="bbox 125 974 811 1044; baseline 0 -16"><span class='ocrx_word' id='word_1_53' title='bbox 125 974 239 1030; x_wconf 80' lang='lat' dir='ltr'>Saltibus</span> <span class='ocrx_word' id='word_1_54' title='bbox 251 977 281 1029; x_wconf 93' lang='lat' dir='ltr'>in</span> <span class='ocrx_word' id='word_1_55' title='bbox 293 975 387 1030; x_wconf 87' lang='lat' dir='ltr'>vacuis</span> <span class='ocrx_word' id='word_1_56' title='bbox 398 981 516 1044; x_wconf 88' lang='lat' dir='ltr'>pascunt</span> <span class='ocrx_word' id='word_1_57' title='bbox 528 981 556 1028; x_wconf 93' lang='lat' dir='ltr'>et</span> <span class='ocrx_word' id='word_1_58' title='bbox 567 974 649 1043; x_wconf 83' lang='lat' dir='ltr'><strong>plene</strong></span> <span class='ocrx_word' id='word_1_59' title='bbox 661 974 811 1028; x_wconf 88' lang='lat' dir='ltr'>secundum</span> 
     </span>
     <span class='ocr_line' id='line_1_10' title="bbox 124 1061 871 1133; baseline 0.001 -18"><span class='ocrx_word' id='word_1_60' title='bbox 124 1061 252 1133; x_wconf 73' lang='lat' dir='ltr'>Flumina,</span> <span class='ocrx_word' id='word_1_61' title='bbox 267 1081 378 1118; x_wconf 92' lang='lat' dir='ltr'>muscus</span> <span class='ocrx_word' id='word_1_62' title='bbox 390 1065 436 1117; x_wconf 87' lang='lat' dir='ltr'>ubi</span> <span class='ocrx_word' id='word_1_63' title='bbox 450 1072 478 1117; x_wconf 90' lang='lat' dir='ltr'>et</span> <span class='ocrx_word' id='word_1_64' title='bbox 490 1063 656 1116; x_wconf 87' lang='lat' dir='ltr'>viridissima</span> <span class='ocrx_word' id='word_1_65' title='bbox 668 1063 790 1131; x_wconf 88' lang='lat' dir='ltr'>gramine</span> <span class='ocrx_word' id='word_1_66' title='bbox 802 1062 871 1132; x_wconf 89' lang='lat' dir='ltr'>ripa,</span> 
     </span>
     <span class='ocr_line' id='line_1_11' title="bbox 124 1149 845 1221; baseline 0.001 -18"><span class='ocrx_word' id='word_1_67' title='bbox 124 1149 325 1220; x_wconf 73' lang='lat' dir='ltr'><strong>speluncaeque</strong></span> <span class='ocrx_word' id='word_1_68' title='bbox 338 1156 442 1221; x_wconf 89' lang='lat' dir='ltr'>tegant,</span> <span class='ocrx_word' id='word_1_69' title='bbox 457 1156 485 1204; x_wconf 93' lang='lat' dir='ltr'>et</span> <span class='ocrx_word' id='word_1_70' title='bbox 498 1167 580 1204; x_wconf 83' lang='lat' dir='ltr'>saxea</span> <span class='ocrx_word' id='word_1_71' title='bbox 592 1151 727 1219; x_wconf 79' lang='lat' dir='ltr'><strong>procubet</strong></span> <span class='ocrx_word' id='word_1_72' title='bbox 738 1150 845 1204; x_wconf 74' lang='lat' dir='ltr'>umbra</span> 
     </span>
     <span class='ocr_line' id='line_1_12' title="bbox 124 1235 759 1306; baseline 0 -17"><span class='ocrx_word' id='word_1_73' title='bbox 124 1235 170 1290; x_wconf 87' lang='lat' dir='ltr'>Est</span> <span class='ocrx_word' id='word_1_74' title='bbox 181 1237 257 1292; x_wconf 91' lang='lat' dir='ltr'>lucos</span> <span class='ocrx_word' id='word_1_75' title='bbox 270 1237 353 1292; x_wconf 85' lang='lat' dir='ltr'>Silari</span> <span class='ocrx_word' id='word_1_76' title='bbox 364 1239 437 1292; x_wconf 88' lang='lat' dir='ltr'>circa</span> <span class='ocrx_word' id='word_1_77' title='bbox 448 1238 610 1306; x_wconf 82' lang='lat' dir='ltr'>ilicibusque</span> <span class='ocrx_word' id='word_1_78' title='bbox 623 1238 759 1292; x_wconf 83' lang='lat' dir='ltr'>virentem</span> 
     </span>
     <span class='ocr_line' id='line_1_13' title="bbox 123 1323 821 1393; baseline 0.003 -17"><span class='ocrx_word' id='word_1_79' title='bbox 123 1323 257 1378; x_wconf 87' lang='lat' dir='ltr'>Plurimus</span> <span class='ocrx_word' id='word_1_80' title='bbox 269 1326 427 1379; x_wconf 92' lang='lat' dir='ltr'>Alburnum</span> <span class='ocrx_word' id='word_1_81' title='bbox 440 1325 566 1393; x_wconf 84' lang='lat' dir='ltr'>volitans,</span> <span class='ocrx_word' id='word_1_82' title='bbox 581 1325 626 1378; x_wconf 93' lang='lat' dir='ltr'>cui</span> <span class='ocrx_word' id='word_1_83' title='bbox 637 1341 740 1378; x_wconf 91' lang='lat' dir='ltr'>nomen</span> <span class='ocrx_word' id='word_1_84' title='bbox 753 1324 821 1378; x_wconf 91' lang='lat' dir='ltr'>asilo</span> 
     </span>
     <span class='ocr_line' id='line_1_14' title="bbox 124 1411 824 1481; baseline 0.001 -16"><span class='ocrx_word' id='word_1_85' title='bbox 124 1411 271 1466; x_wconf 87' lang='lat' dir='ltr'>Romanum</span> <span class='ocrx_word' id='word_1_86' title='bbox 286 1419 335 1481; x_wconf 87' lang='lat' dir='ltr'>est,</span> <span class='ocrx_word' id='word_1_87' title='bbox 350 1418 471 1466; x_wconf 89' lang='lat' dir='ltr'>oestrum</span> <span class='ocrx_word' id='word_1_88' title='bbox 484 1413 551 1467; x_wconf 83' lang='lat' dir='ltr'>Grai</span> <span class='ocrx_word' id='word_1_89' title='bbox 564 1417 672 1466; x_wconf 89' lang='lat' dir='ltr'>vertere</span> <span class='ocrx_word' id='word_1_90' title='bbox 685 1418 824 1480; x_wconf 89' lang='lat' dir='ltr'>vocantes,</span> 
     </span>
     <span class='ocr_line' id='line_1_15' title="bbox 123 1499 826 1569; baseline 0 -17"><span class='ocrx_word' id='word_1_91' title='bbox 123 1499 214 1568; x_wconf 88' lang='lat' dir='ltr'><strong>Asper,</strong></span> <span class='ocrx_word' id='word_1_92' title='bbox 229 1500 330 1554; x_wconf 87' lang='lat' dir='ltr'>acerba</span> <span class='ocrx_word' id='word_1_93' title='bbox 343 1517 451 1567; x_wconf 74' lang='lat' dir='ltr'>sonans,</span> <span class='ocrx_word' id='word_1_94' title='bbox 466 1517 520 1569; x_wconf 89' lang='lat' dir='ltr'>quo</span> <span class='ocrx_word' id='word_1_95' title='bbox 532 1505 594 1554; x_wconf 89' lang='lat' dir='ltr'>tota</span> <span class='ocrx_word' id='word_1_96' title='bbox 606 1500 739 1553; x_wconf 83' lang='lat' dir='ltr'>exterrita</span> <span class='ocrx_word' id='word_1_97' title='bbox 750 1499 826 1552; x_wconf 85' lang='lat' dir='ltr'>silvis</span> 
     </span>
     <span class='ocr_line' id='line_1_16' title="bbox 122 1584 787 1656; baseline 0.002 -18"><span class='ocrx_word' id='word_1_98' title='bbox 122 1584 277 1656; x_wconf 83' lang='lat' dir='ltr'>Diffugiunt</span> <span class='ocrx_word' id='word_1_99' title='bbox 289 1593 428 1655; x_wconf 80' lang='lat' dir='ltr'>armenta3</span> <span class='ocrx_word' id='word_1_100' title='bbox 448 1587 514 1641; x_wconf 86' lang='lat' dir='ltr'>furit</span> <span class='ocrx_word' id='word_1_101' title='bbox 526 1588 679 1656; x_wconf 86' lang='lat' dir='ltr'>mugitibus</span> <span class='ocrx_word' id='word_1_102' title='bbox 692 1586 787 1640; x_wconf 78' lang='lat' dir='ltr'><strong>aether</strong></span> 
     </span>
     <span class='ocr_line' id='line_1_17' title="bbox 123 1667 752 1743; baseline 0.005 -17"><span class='ocrx_word' id='word_1_103' title='bbox 123 1673 272 1728; x_wconf 78' lang='lat' dir='ltr'>Concussus</span> <span class='ocrx_word' id='word_1_104' title='bbox 286 1675 423 1743; x_wconf 87' lang='lat' dir='ltr'>silvaeque</span> <span class='ocrx_word' id='word_1_105' title='bbox 435 1680 464 1727; x_wconf 89' lang='lat' dir='ltr'>et</span> <span class='ocrx_word' id='word_1_106' title='bbox 476 1674 540 1728; x_wconf 88' lang='lat' dir='ltr'>sicci</span> <span class='ocrx_word' id='word_1_107' title='bbox 553 1667 614 1742; x_wconf 85' lang='lat' dir='ltr'>ripa</span> <span class='ocrx_word' id='word_1_108' title='bbox 624 1674 752 1742; x_wconf 77' lang='lat' dir='ltr'>Tanagri.</span> 
     </span>
     <span class='ocr_line' id='line_1_18' title="bbox 122 1759 827 1831; baseline 0.006 -19"><span class='ocrx_word' id='word_1_109' title='bbox 122 1759 178 1814; x_wconf 88' lang='lat' dir='ltr'>Hoc</span> <span class='ocrx_word' id='word_1_110' title='bbox 190 1761 330 1831; x_wconf 88' lang='lat' dir='ltr'>quondam</span> <span class='ocrx_word' id='word_1_111' title='bbox 345 1768 469 1815; x_wconf 85' lang='lat' dir='ltr'>monstro</span> <span class='ocrx_word' id='word_1_112' title='bbox 480 1761 622 1815; x_wconf 89' lang='lat' dir='ltr'>horribilis</span> <span class='ocrx_word' id='word_1_113' title='bbox 635 1762 758 1814; x_wconf 86' lang='lat' dir='ltr'>exercuit</span> <span class='ocrx_word' id='word_1_114' title='bbox 771 1763 827 1816; x_wconf 89' lang='lat' dir='ltr'>iras</span> 
     </span>
     <span class='ocr_line' id='line_1_19' title="bbox 121 1847 745 1918; baseline 0.003 -18"><span class='ocrx_word' id='word_1_115' title='bbox 121 1847 244 1903; x_wconf 87' lang='lat' dir='ltr'>Inachiae</span> <span class='ocrx_word' id='word_1_116' title='bbox 257 1849 329 1902; x_wconf 89' lang='lat' dir='ltr'>Iuno</span> <span class='ocrx_word' id='word_1_117' title='bbox 341 1855 447 1918; x_wconf 86' lang='lat' dir='ltr'>pestem</span> <span class='ocrx_word' id='word_1_118' title='bbox 460 1848 593 1902; x_wconf 86' lang='lat' dir='ltr'>meditata</span> <span class='ocrx_word' id='word_1_119' title='bbox 604 1849 745 1902; x_wconf 86' lang='lat' dir='ltr'>iuvencae.</span> 
     </span>
    </p>
   </div>
   <div class='ocr_carea' id='block_1_3' title="bbox 122 1931 934 2005">
    <p class='ocr_par' dir='ltr' id='par_1_3' title="bbox 122 1931 934 2005">
     <span class='ocr_line' id='line_1_20' title="bbox 122 1931 934 2005; baseline 0.004 -18"><span class='ocrx_word' id='word_1_120' title='bbox 122 1931 198 1990; x_wconf 91' lang='lat' dir='ltr'>Hunc</span> <span class='ocrx_word' id='word_1_121' title='bbox 210 1953 420 2005; x_wconf 88' lang='lat' dir='ltr'>quoque—nam</span> <span class='ocrx_word' id='word_1_122' title='bbox 432 1936 531 1989; x_wconf 83' lang='lat' dir='ltr'>mediis</span> <span class='ocrx_word' id='word_1_123' title='bbox 542 1936 698 1990; x_wconf 81' lang='lat' dir='ltr'>fervoribus</span> <span class='ocrx_word' id='word_1_124' title='bbox 711 1937 801 1990; x_wconf 88' lang='lat' dir='ltr'>acrior</span> <span class='ocrx_word' id='word_1_125' title='bbox 813 1937 934 1990; x_wconf 86' lang='lat' dir='ltr'>instat—</span> 
     </span>
    </p>
   </div>
   <div class='ocr_carea' id='block_1_4' title="bbox 117 2023 905 3570">
    <p class='ocr_par' dir='ltr' id='par_1_4' title="bbox 123 2023 779 2093">
     <span class='ocr_line' id='line_1_21' title="bbox 123 2023 779 2093; baseline 0.005 -19"><span class='ocrx_word' id='word_1_126' title='bbox 123 2023 232 2078; x_wconf 86' lang='lat' dir='ltr'>Arcebis</span> <span class='ocrx_word' id='word_1_127' title='bbox 244 2024 361 2093; x_wconf 84' lang='lat' dir='ltr'>gravido</span> <span class='ocrx_word' id='word_1_128' title='bbox 373 2023 476 2092; x_wconf 85' lang='lat' dir='ltr'>pecori,</span> <span class='ocrx_word' id='word_1_129' title='bbox 492 2029 672 2092; x_wconf 89' lang='lat' dir='ltr'>armentaque</span> <span class='ocrx_word' id='word_1_130' title='bbox 683 2040 779 2092; x_wconf 88' lang='lat' dir='ltr'>pasees</span> 
     </span>
    </p>

    <p class='ocr_par' dir='ltr' id='par_1_5' title="bbox 121 2109 861 2267">
     <span class='ocr_line' id='line_1_22' title="bbox 121 2109 823 2165; baseline 0.003 -3"><span class='ocrx_word' id='word_1_131' title='bbox 121 2109 179 2163; x_wconf 90' lang='lat' dir='ltr'>Sole</span> <span class='ocrx_word' id='word_1_132' title='bbox 190 2127 286 2165; x_wconf 87' lang='lat' dir='ltr'>recens</span> <span class='ocrx_word' id='word_1_133' title='bbox 299 2116 362 2164; x_wconf 91' lang='lat' dir='ltr'>orto</span> <span class='ocrx_word' id='word_1_134' title='bbox 375 2115 423 2164; x_wconf 89' lang='lat' dir='ltr'>aut</span> <span class='ocrx_word' id='word_1_135' title='bbox 434 2116 543 2164; x_wconf 87' lang='lat' dir='ltr'>noctem</span> <span class='ocrx_word' id='word_1_136' title='bbox 557 2110 721 2164; x_wconf 88' lang='lat' dir='ltr'>ducentibus</span> <span class='ocrx_word' id='word_1_137' title='bbox 733 2111 823 2164; x_wconf 89' lang='lat' dir='ltr'>astris.</span> 
     </span>
     <span class='ocr_line' id='line_1_23' title="bbox 151 2196 861 2267; baseline 0 -18"><span class='ocrx_word' id='word_1_138' title='bbox 151 2196 218 2251; x_wconf 87' lang='lat' dir='ltr'>Post</span> <span class='ocrx_word' id='word_1_139' title='bbox 229 2204 342 2267; x_wconf 92' lang='lat' dir='ltr'>partum</span> <span class='ocrx_word' id='word_1_140' title='bbox 355 2215 421 2252; x_wconf 86' lang='lat' dir='ltr'>cura</span> <span class='ocrx_word' id='word_1_141' title='bbox 433 2198 461 2250; x_wconf 92' lang='lat' dir='ltr'>in</span> <span class='ocrx_word' id='word_1_142' title='bbox 474 2197 578 2251; x_wconf 86' lang='lat' dir='ltr'>vitulos</span> <span class='ocrx_word' id='word_1_143' title='bbox 590 2197 744 2250; x_wconf 79' lang='lat' dir='ltr'>traducitur</span> <span class='ocrx_word' id='word_1_144' title='bbox 757 2198 861 2265; x_wconf 89' lang='lat' dir='ltr'>omnis;</span> 
     </span>
    </p>

    <p class='ocr_par' dir='ltr' id='par_1_6' title="bbox 121 2281 807 2353">
     <span class='ocr_line' id='line_1_24' title="bbox 121 2281 807 2353; baseline -0.001 -18"><span class='ocrx_word' id='word_1_145' title='bbox 121 2281 312 2353; x_wconf 80' lang='lat' dir='ltr'>Continuoque</span> <span class='ocrx_word' id='word_1_146' title='bbox 325 2288 407 2336; x_wconf 88' lang='lat' dir='ltr'>notas</span> <span class='ocrx_word' id='word_1_147' title='bbox 419 2288 447 2336; x_wconf 92' lang='lat' dir='ltr'>et</span> <span class='ocrx_word' id='word_1_148' title='bbox 459 2283 572 2336; x_wconf 89' lang='lat' dir='ltr'>nomina</span> <span class='ocrx_word' id='word_1_149' title='bbox 583 2283 674 2351; x_wconf 85' lang='lat' dir='ltr'>gentis</span> <span class='ocrx_word' id='word_1_150' title='bbox 685 2283 807 2350; x_wconf 89' lang='lat' dir='ltr'>inurunt,</span> 
     </span>
    </p>

    <p class='ocr_par' dir='ltr' id='par_1_7' title="bbox 120 2367 834 2439">
     <span class='ocr_line' id='line_1_25' title="bbox 120 2367 834 2439; baseline 0.001 -18"><span class='ocrx_word' id='word_1_151' title='bbox 120 2367 153 2422; x_wconf 87' lang='lat' dir='ltr'>Et</span> <span class='ocrx_word' id='word_1_152' title='bbox 165 2388 231 2439; x_wconf 92' lang='lat' dir='ltr'>quos</span> <span class='ocrx_word' id='word_1_153' title='bbox 243 2377 293 2425; x_wconf 90' lang='lat' dir='ltr'>aut</span> <span class='ocrx_word' id='word_1_154' title='bbox 306 2370 399 2439; x_wconf 89' lang='lat' dir='ltr'>pecori</span> <span class='ocrx_word' id='word_1_155' title='bbox 413 2370 511 2424; x_wconf 82' lang='lat' dir='ltr'>malint</span> <span class='ocrx_word' id='word_1_156' title='bbox 523 2369 687 2423; x_wconf 87' lang='lat' dir='ltr'>submittere</span> <span class='ocrx_word' id='word_1_157' title='bbox 699 2369 834 2437; x_wconf 88' lang='lat' dir='ltr'>habendo,</span> 
     </span>
    </p>

    <p class='ocr_par' dir='ltr' id='par_1_8' title="bbox 120 2457 792 2526">
     <span class='ocr_line' id='line_1_26' title="bbox 120 2457 792 2526; baseline 0.001 -18"><span class='ocrx_word' id='word_1_158' title='bbox 120 2457 173 2511; x_wconf 88' lang='lat' dir='ltr'>Ant</span> <span class='ocrx_word' id='word_1_159' title='bbox 186 2459 240 2512; x_wconf 88' lang='lat' dir='ltr'>aris</span> <span class='ocrx_word' id='word_1_160' title='bbox 253 2475 366 2512; x_wconf 89' lang='lat' dir='ltr'>servare</span> <span class='ocrx_word' id='word_1_161' title='bbox 379 2473 477 2526; x_wconf 83' lang='lat' dir='ltr'>sacros,</span> <span class='ocrx_word' id='word_1_162' title='bbox 493 2463 541 2510; x_wconf 88' lang='lat' dir='ltr'>ant</span> <span class='ocrx_word' id='word_1_163' title='bbox 553 2457 678 2510; x_wconf 84' lang='lat' dir='ltr'>scindere</span> <span class='ocrx_word' id='word_1_164' title='bbox 691 2461 792 2523; x_wconf 86' lang='lat' dir='ltr'>terram</span> 
     </span>
    </p>

    <p class='ocr_par' dir='ltr' id='par_1_9' title="bbox 119 2541 852 2613">
     <span class='ocr_line' id='line_1_27' title="bbox 119 2541 852 2613; baseline 0.005 -19"><span class='ocrx_word' id='word_1_165' title='bbox 119 2541 153 2596; x_wconf 85' lang='lat' dir='ltr'>Et</span> <span class='ocrx_word' id='word_1_166' title='bbox 163 2561 291 2613; x_wconf 83' lang='lat' dir='ltr'>campum</span> <span class='ocrx_word' id='word_1_167' title='bbox 305 2545 465 2598; x_wconf 85' lang='lat' dir='ltr'>horrentem</span> <span class='ocrx_word' id='word_1_168' title='bbox 478 2545 575 2598; x_wconf 85' lang='lat' dir='ltr'>tractis</span> <span class='ocrx_word' id='word_1_169' title='bbox 587 2545 727 2598; x_wconf 83' lang='lat' dir='ltr'>invertere</span> <span class='ocrx_word' id='word_1_170' title='bbox 739 2543 852 2611; x_wconf 80' lang='lat' dir='ltr'>glaebis.</span> 
     </span>
    </p>

    <p class='ocr_par' dir='ltr' id='par_1_10' title="bbox 120 2629 805 2701">
     <span class='ocr_line' id='line_1_28' title="bbox 120 2629 805 2701; baseline 0.001 -18"><span class='ocrx_word' id='word_1_171' title='bbox 120 2629 213 2687; x_wconf 84' lang='lat' dir='ltr'>Cetera</span> <span class='ocrx_word' id='word_1_172' title='bbox 225 2637 378 2701; x_wconf 82' lang='lat' dir='ltr'>pascuntur</span> <span class='ocrx_word' id='word_1_173' title='bbox 390 2631 486 2684; x_wconf 85' lang='lat' dir='ltr'>viridis</span> <span class='ocrx_word' id='word_1_174' title='bbox 499 2636 625 2685; x_wconf 89' lang='lat' dir='ltr'>armenta</span> <span class='ocrx_word' id='word_1_175' title='bbox 636 2647 687 2699; x_wconf 90' lang='lat' dir='ltr'>per</span> <span class='ocrx_word' id='word_1_176' title='bbox 698 2631 805 2684; x_wconf 89' lang='lat' dir='ltr'>herbae.</span> 
     </span>
    </p>

    <p class='ocr_par' dir='ltr' id='par_1_11' title="bbox 119 2716 905 2788">
     <span class='ocr_line' id='line_1_29' title="bbox 119 2716 905 2788; baseline -0.001 -17"><span class='ocrx_word' id='word_1_177' title='bbox 119 2716 154 2771; x_wconf 90' lang='lat' dir='ltr'>Tu</span> <span class='ocrx_word' id='word_1_178' title='bbox 166 2737 233 2788; x_wconf 87' lang='lat' dir='ltr'>quos</span> <span class='ocrx_word' id='word_1_179' title='bbox 247 2721 283 2775; x_wconf 88' lang='lat' dir='ltr'>ad</span> <span class='ocrx_word' id='word_1_180' title='bbox 297 2718 418 2773; x_wconf 89' lang='lat' dir='ltr'>studium</span> <span class='ocrx_word' id='word_1_181' title='bbox 432 2724 513 2788; x_wconf 88' lang='lat' dir='ltr'>atque</span> <span class='ocrx_word' id='word_1_182' title='bbox 525 2736 605 2772; x_wconf 87' lang='lat' dir='ltr'>usum</span> <span class='ocrx_word' id='word_1_183' title='bbox 618 2719 750 2772; x_wconf 78' lang='lat' dir='ltr'>formabis</span> <span class='ocrx_word' id='word_1_184' title='bbox 762 2723 905 2787; x_wconf 83' lang='lat' dir='ltr'>agrestem,</span> 
     </span>
    </p>

    <p class='ocr_par' dir='ltr' id='par_1_12' title="bbox 119 2802 821 2875">
     <span class='ocr_line' id='line_1_30' title="bbox 119 2802 821 2875; baseline 0.001 -19"><span class='ocrx_word' id='word_1_185' title='bbox 119 2802 169 2858; x_wconf 88' lang='lat' dir='ltr'>Iam</span> <span class='ocrx_word' id='word_1_186' title='bbox 183 2807 288 2861; x_wconf 84' lang='lat' dir='ltr'>vitulos</span> <span class='ocrx_word' id='word_1_187' title='bbox 299 2807 421 2873; x_wconf 88' lang='lat' dir='ltr'>hortare,</span> <span class='ocrx_word' id='word_1_188' title='bbox 435 2806 563 2875; x_wconf 87' lang='lat' dir='ltr'>viamque</span> <span class='ocrx_word' id='word_1_189' title='bbox 575 2806 670 2858; x_wconf 90' lang='lat' dir='ltr'>insiste</span> <span class='ocrx_word' id='word_1_190' title='bbox 683 2804 821 2872; x_wconf 84' lang='lat' dir='ltr'>domandi,</span> 
     </span>
    </p>

    <p class='ocr_par' dir='ltr' id='par_1_13' title="bbox 118 2890 845 2960">
     <span class='ocr_line' id='line_1_31' title="bbox 118 2890 845 2960; baseline 0.004 -17"><span class='ocrx_word' id='word_1_191' title='bbox 118 2890 186 2946; x_wconf 87' lang='lat' dir='ltr'>Dum</span> <span class='ocrx_word' id='word_1_192' title='bbox 199 2895 294 2948; x_wconf 81' lang='lat' dir='ltr'>faciles</span> <span class='ocrx_word' id='word_1_193' title='bbox 308 2893 392 2948; x_wconf 86' lang='lat' dir='ltr'>animi</span> <span class='ocrx_word' id='word_1_194' title='bbox 405 2893 545 2960; x_wconf 86' lang='lat' dir='ltr'>iuvenum,</span> <span class='ocrx_word' id='word_1_195' title='bbox 560 2892 625 2945; x_wconf 88' lang='lat' dir='ltr'>dum</span> <span class='ocrx_word' id='word_1_196' title='bbox 637 2892 749 2946; x_wconf 90' lang='lat' dir='ltr'>mobilis</span> <span class='ocrx_word' id='word_1_197' title='bbox 761 2898 845 2946; x_wconf 84' lang='lat' dir='ltr'>actae.</span> 
     </span>
    </p>

    <p class='ocr_par' dir='ltr' id='par_1_14' title="bbox 119 2977 744 3048">
     <span class='ocr_line' id='line_1_32' title="bbox 119 2977 744 3048; baseline 0.003 -18"><span class='ocrx_word' id='word_1_198' title='bbox 119 2977 157 3032; x_wconf 85' lang='lat' dir='ltr'>Ac</span> <span class='ocrx_word' id='word_1_199' title='bbox 168 2982 289 3048; x_wconf 90' lang='lat' dir='ltr'>primum</span> <span class='ocrx_word' id='word_1_200' title='bbox 303 2981 381 3034; x_wconf 84' lang='lat' dir='ltr'>laxos</span> <span class='ocrx_word' id='word_1_201' title='bbox 393 2980 471 3033; x_wconf 90' lang='lat' dir='ltr'>tenui</span> <span class='ocrx_word' id='word_1_202' title='bbox 484 2979 518 3032; x_wconf 86' lang='lat' dir='ltr'>de</span> <span class='ocrx_word' id='word_1_203' title='bbox 530 2979 633 3033; x_wconf 75' lang='lat' dir='ltr'>uimine</span> <span class='ocrx_word' id='word_1_204' title='bbox 646 2979 744 3032; x_wconf 89' lang='lat' dir='ltr'>circlos</span> 
     </span>
    </p>

    <p class='ocr_par' dir='ltr' id='par_1_15' title="bbox 118 3065 755 3134">
     <span class='ocr_line' id='line_1_33' title="bbox 118 3065 755 3134; baseline 0.002 -16"><span class='ocrx_word' id='word_1_205' title='bbox 118 3065 218 3121; x_wconf 76' lang='lat' dir='ltr'>Cervici</span> <span class='ocrx_word' id='word_1_206' title='bbox 232 3069 380 3134; x_wconf 80' lang='lat' dir='ltr'>subnecte3</span> <span class='ocrx_word' id='word_1_207' title='bbox 401 3065 509 3134; x_wconf 87' lang='lat' dir='ltr'>dehinc,</span> <span class='ocrx_word' id='word_1_208' title='bbox 524 3068 572 3119; x_wconf 92' lang='lat' dir='ltr'>ubi</span> <span class='ocrx_word' id='word_1_209' title='bbox 583 3066 671 3120; x_wconf 90' lang='lat' dir='ltr'>libera</span> <span class='ocrx_word' id='word_1_210' title='bbox 683 3066 755 3119; x_wconf 90' lang='lat' dir='ltr'>colla</span> 
     </span>
    </p>

    <p class='ocr_par' dir='ltr' id='par_1_16' title="bbox 118 3151 758 3222">
     <span class='ocr_line' id='line_1_34' title="bbox 118 3151 758 3222; baseline 0.003 -18"><span class='ocrx_word' id='word_1_211' title='bbox 118 3151 231 3209; x_wconf 81' lang='lat' dir='ltr'>Servitio</span> <span class='ocrx_word' id='word_1_212' title='bbox 245 3155 398 3222; x_wconf 74' lang='lat' dir='ltr'>adnuerint,</span> <span class='ocrx_word' id='word_1_213' title='bbox 412 3154 479 3222; x_wconf 87' lang='lat' dir='ltr'>ipsis</span> <span class='ocrx_word' id='word_1_214' title='bbox 492 3169 507 3206; x_wconf 94' lang='lat' dir='ltr'>e</span> <span class='ocrx_word' id='word_1_215' title='bbox 519 3153 665 3221; x_wconf 89' lang='lat' dir='ltr'>torquibus</span> <span class='ocrx_word' id='word_1_216' title='bbox 678 3158 758 3221; x_wconf 88' lang='lat' dir='ltr'>aptos</span> 
     </span>
    </p>

    <p class='ocr_par' dir='ltr' id='par_1_17' title="bbox 118 3237 849 3311">
     <span class='ocr_line' id='line_1_35' title="bbox 118 3237 849 3311; baseline 0.005 -21"><span class='ocrx_word' id='word_1_217' title='bbox 118 3237 197 3309; x_wconf 90' lang='lat' dir='ltr'>Iunge</span> <span class='ocrx_word' id='word_1_218' title='bbox 208 3259 299 3311; x_wconf 84' lang='lat' dir='ltr'>pares,</span> <span class='ocrx_word' id='word_1_219' title='bbox 314 3247 343 3295; x_wconf 90' lang='lat' dir='ltr'>et</span> <span class='ocrx_word' id='word_1_220' title='bbox 356 3257 423 3308; x_wconf 90' lang='lat' dir='ltr'>coge</span> <span class='ocrx_word' id='word_1_221' title='bbox 435 3239 550 3308; x_wconf 89' lang='lat' dir='ltr'>gradum</span> <span class='ocrx_word' id='word_1_222' title='bbox 564 3241 691 3294; x_wconf 83' lang='lat' dir='ltr'>conferre</span> <span class='ocrx_word' id='word_1_223' title='bbox 704 3240 849 3307; x_wconf 79' lang='lat' dir='ltr'>iuvencos3</span> 
     </span>
    </p>

    <p class='ocr_par' dir='ltr' id='par_1_18' title="bbox 118 3325 780 3396">
     <span class='ocr_line' id='line_1_36' title="bbox 118 3325 780 3396; baseline 0.003 -19"><span class='ocrx_word' id='word_1_224' title='bbox 118 3325 204 3396; x_wconf 84' lang='lat' dir='ltr'>Atque</span> <span class='ocrx_word' id='word_1_225' title='bbox 216 3330 273 3383; x_wconf 90' lang='lat' dir='ltr'>illis</span> <span class='ocrx_word' id='word_1_226' title='bbox 286 3330 338 3383; x_wconf 89' lang='lat' dir='ltr'>iam</span> <span class='ocrx_word' id='word_1_227' title='bbox 353 3345 435 3396; x_wconf 90' lang='lat' dir='ltr'>saepe</span> <span class='ocrx_word' id='word_1_228' title='bbox 447 3332 524 3380; x_wconf 90' lang='lat' dir='ltr'>rotae</span> <span class='ocrx_word' id='word_1_229' title='bbox 537 3327 673 3381; x_wconf 90' lang='lat' dir='ltr'>ducantur</span> <span class='ocrx_word' id='word_1_230' title='bbox 685 3328 780 3380; x_wconf 89' lang='lat' dir='ltr'>inanes</span> 
     </span>
    </p>

    <p class='ocr_par' dir='ltr' id='par_1_19' title="bbox 117 3410 848 3484">
     <span class='ocr_line' id='line_1_37' title="bbox 117 3410 848 3484; baseline 0.005 -20"><span class='ocrx_word' id='word_1_231' title='bbox 117 3410 165 3466; x_wconf 90' lang='lat' dir='ltr'>Per</span> <span class='ocrx_word' id='word_1_232' title='bbox 177 3422 291 3484; x_wconf 85' lang='lat' dir='ltr'>terram,</span> <span class='ocrx_word' id='word_1_233' title='bbox 306 3422 334 3470; x_wconf 88' lang='lat' dir='ltr'>et</span> <span class='ocrx_word' id='word_1_234' title='bbox 346 3432 455 3468; x_wconf 89' lang='lat' dir='ltr'>summo</span> <span class='ocrx_word' id='word_1_235' title='bbox 466 3414 584 3481; x_wconf 87' lang='lat' dir='ltr'>vestigia</span> <span class='ocrx_word' id='word_1_236' title='bbox 596 3414 710 3482; x_wconf 90' lang='lat' dir='ltr'>pulvere</span> <span class='ocrx_word' id='word_1_237' title='bbox 724 3414 848 3482; x_wconf 83' lang='lat' dir='ltr'>signent3</span> 
     </span>
    </p>

    <p class='ocr_par' dir='ltr' id='par_1_20' title="bbox 117 3499 867 3570">
     <span class='ocr_line' id='line_1_38' title="bbox 117 3499 867 3570; baseline 0.003 -18"><span class='ocrx_word' id='word_1_238' title='bbox 117 3499 178 3555; x_wconf 86' lang='lat' dir='ltr'>Post</span> <span class='ocrx_word' id='word_1_239' title='bbox 190 3503 282 3558; x_wconf 88' lang='lat' dir='ltr'>valido</span> <span class='ocrx_word' id='word_1_240' title='bbox 297 3505 388 3558; x_wconf 84' lang='lat' dir='ltr'>nitens</span> <span class='ocrx_word' id='word_1_241' title='bbox 401 3502 452 3555; x_wconf 89' lang='lat' dir='ltr'>sub</span> <span class='ocrx_word' id='word_1_242' title='bbox 464 3502 586 3570; x_wconf 92' lang='lat' dir='ltr'>pondere</span> <span class='ocrx_word' id='word_1_243' title='bbox 598 3501 709 3569; x_wconf 81' lang='lat' dir='ltr'>faginus</span> <span class='ocrx_word' id='word_1_244' title='bbox 721 3502 780 3554; x_wconf 84' lang='lat' dir='ltr'>axis</span> <span class='ocrx_word' id='word_1_245' title='bbox 864 3528 867 3534; x_wconf 94' lang='lat'><em>·</em></span> 
     </span>
    </p>
   </div>
   <div class='ocr_carea' id='block_1_5' title="bbox 0 0 1372 3936">
    <p class='ocr_par' dir='ltr' id='par_1_21' title="bbox 0 0 1372 3936">
     <span class='ocr_line' id='line_1_39' title="bbox 0 0 1372 3936; baseline 0 5"><span class='ocrx_word' id='word_1_246' title='bbox 0 0 1372 3936; x_wconf 95' lang='lat' dir='ltr'> </span> 
     </span>
    </p>
   </div>
  </div>
 </body>
</html>
