2730 3936
533 214 672 264 VERGILI
693 212 858 262 AENEIDOS
880 212 913 261 II.

216 375 293 431 Pone
305 375 373 444 legit
385 376 529 444 sinuatque
542 377 676 430 immensa
687 375 827 429 volumine
842 379 927 442 terga

115 458 116 462 ’
215 463 261 517 Fit
274 464 380 517 sonitus
392 471 539 533 spumante
551 463 625 531 sa103
646 465 755 532 iamque
769 480 837 518 arva
848 463 989 532 tenebant,
1023 503 1025 512 ,

218 551 404 620 Ardentisque
417 551 512 604 oculos
524 551 633 604 suffecti
647 551 779 618 sanguine
791 557 820 604 et
832 551 899 618 igni,

216 638 302 692 Sibila
313 637 472 692 lambebant
483 637 587 706 linguis
599 638 773 692 vibrantibus
784 655 841 691 ora.

194 731 199 739 ‘
216 726 384 793 Diffugimus
396 726 455 778 visu
470 741 630 793 exsangues.
667 725 711 778 Illi
725 725 834 793 agmine
846 733 925 778 certo

216 812 375 866 Laocoonta
384 818 498 880 petunt;
518 818 547 866 et
560 813 679 880 primum
692 829 778 880 parva
790 811 908 866 duorum

217 898 342 967 Oorpora
353 905 482 952 natorum
496 916 610 967 serpens
623 897 766 966 amplexus
778 903 895 966 uterque

216 985 344 1053 lnrplicat
357 991 385 1039 et
396 987 513 1039 miseros
525 1003 618 1039 morsu
631 986 790 1054 depascitur
801 990 894 1052 artus;

215 1072 284 1126 Post
295 1074 393 1142 ipsum,
409 1072 511 1127 auxilio
523 1073 685 1128 subeuntem
698 1089 730 1126 ac
743 1072 798 1126 tela
810 1073 954 1140 serentem,

216 1159 384 1228 Oorripiunt,
400 1160 534 1228 spirisque
545 1160 633 1228 ligant
646 1159 820 1225 ingentibus3
840 1164 868 1211 et
880 1159 935 1212 iam

215 1247 265 1300 Bis
276 1247 396 1300 medium
410 1248 538 1316 amplexi,
552 1248 596 1301 bis
607 1245 678 1300 collo
692 1262 821 1314 squamea
832 1246 935 1298 circurn

215 1333 303 1401 Terga
316 1334 381 1403 dati,
396 1342 528 1403 superant
540 1335 631 1403 eapite
643 1342 672 1388 et
685 1333 836 1387 cervicibus
849 1332 921 1386 altis

215 1419 266 1473 Ille
278 1421 359 1474 simul
372 1422 499 1475 manibus
510 1421 601 1475 tendit
613 1420 745 1474 divellere
758 1419 854 1489 nodos,

215 1506 346 1560 Perfusus
357 1509 433 1562 sanie
447 1510 532 1561 vittas
544 1516 661 1577 atroque
673 1523 790 1574 veneno,

216 1595 357 1649 Clamores
368 1596 448 1649 simul
461 1596 614 1650 horrendos
627 1596 660 1648 ad
674 1595 766 1650 sidera
777 1593 870 1648 tollit:

216 1681 309 1747 Qualis
321 1685 449 1752 mugitus,
465 1684 535 1751 fugit
548 1701 610 1737 cnm
623 1683 732 1736 saucius
745 1699 821 1736 aram

215 1770 320 1823 Taurus
332 1776 359 1824 et
372 1771 506 1825 incertam
520 1772 639 1824 excussit
651 1771 758 1824 cervice
771 1770 898 1824 securim.

215 1858 255 1910 At
267 1858 369 1925 gemini
381 1857 458 1927 lapsu
471 1859 586 1912 delubra
598 1858 632 1912 ad
645 1874 751 1912 summa
763 1857 897 1911 dracones

214 1943 358 2013 Effugiunt
370 1963 521 2014 saevaeque
533 1950 632 2013 petunt
645 1945 797 1998 Tritonidis
807 1961 906 2012 arcem,

214 2030 271 2085 Sub
283 2032 452 2101 pedibusque
465 2033 533 2086 deae
545 2032 684 2101 clipeique
693 2033 745 2085 sub
758 2033 826 2085 orbe
838 2037 978 2099 teguntur.

214 2117 284 2170 Turn
297 2136 363 2172 vero
375 2119 536 2172 tremefacta
548 2136 637 2173 novus
648 2137 699 2188 per
710 2125 827 2188 pectora
840 2122 951 2176 cunctis

214 2203 340 2258 Insinuat
351 2222 445 2274 pavor,
460 2210 489 2258 et
501 2206 588 2260 scelus
600 2207 761 2275 expendisse
774 2213 924 2262 merentem

213 2289 371 2345 Laocoonta
383 2292 484 2361 ferunt,
498 2309 607 2346 sacrum
620 2295 666 2362 qui
679 2294 791 2363 cuspide
804 2296 889 2348 robur

213 2375 336 2430 laeserit
348 2383 377 2430 et
388 2384 467 2447 tergo
479 2379 639 2434 sceleratam
652 2381 795 2435 intorserit
809 2381 924 2436 hastam.

214 2463 377 2517 Ducendum
390 2465 424 2518 ad
438 2466 516 2519 sedes
528 2466 704 2522 simulacrum
718 2468 875 2538 orandaque
887 2468 969 2532 divae
1075 2483 1078 2489 ·

214 2550 336 2604 Numina
348 2553 528 2608 conclamant.
921 2613 925 2620 ¹
972 2569 976 2578 ’

213 2637 370 2692 Dividimus
382 2657 477 2694 muros
489 2645 518 2694 et
531 2642 640 2696 moenia
653 2643 799 2710 pandimus
813 2643 896 2697 urbis.
975 2699 979 2706 ,

216 2726 371 2794 Accingunt
384 2744 478 2781 ornnes
491 2729 575 2796 operi,
590 2729 761 2799 pedibusque
774 2736 898 2786 rotarum

213 2812 356 2866 Subiclunt
369 2813 469 2882 lapsus,
485 2821 513 2868 et
526 2821 642 2885 stuppea
654 2817 765 2872 vincula
778 2818 850 2872 collo

213 2900 373 2954 Intendunt.
411 2901 525 2956 Scandit
537 2904 628 2958 fatalis
640 2905 770 2960 machina
781 2923 882 2968 muros,
903 2955 905 2960 .
923 2935 928 2964 ;

213 2987 282 3040 Feta
293 2988 383 3041 armis.
421 2987 504 3042 Pueri
518 2991 620 3044 circum
634 2991 820 3062 innuptaeque
832 2991 941 3061 puellae

213 3072 296 3127 Sacra
308 3081 419 3144 canunt,
433 3076 582 3146 funemque
594 3095 677 3132 mauu
691 3081 852 3148 contingere
864 3081 994 3148 gaudent.

214 3159 263 3214 llla
275 3162 355 3230 subit,
369 3163 530 3233 mediaeque
543 3165 652 3218 minans
663 3165 794 3220 inlabitur
807 3168 877 3222 urbi.
919 3205 920 3212 1

212 3246 236 3299 Ο
250 3249 347 3316 patria,
363 3249 485 3303 odivom
498 3251 596 3304 domus
611 3252 698 3322 Ilium,
714 3260 742 3306 et
754 3253 858 3308 incluta
870 3255 954 3310 bello-

214 3333 321 3390 Moenia
333 3335 521 3391 Dardanidum
532 3341 538 3394 1
560 3345 658 3407 quater
669 3340 731 3408 ipso
743 3341 773 3394 in
785 3341 880 3396 limine
892 3347 990 3412 portae

212 3420 349 3490 Substitit,
364 3429 446 3492 atque
460 3430 537 3477 utero
550 3427 670 3480 sonitum
684 3434 781 3496 quater
794 3446 871 3484 arma
882 3429 999 3498 dedara

212 3506 349 3563 laetamus
361 3514 454 3563 tamen
467 3511 641 3566 immemores
654 3513 781 3582 caecique
794 3515 898 3584 furore,
