2706 3938
402 210 539 260 vultum
563 209 728 260 cussinos
752 209 796 260 vl.

106 369 169 439 llice,
182 374 219 428 sic
230 373 283 427 leni
298 373 454 442 crepitabat
467 374 579 428 bractea
592 376 686 426 vento.

106 458 214 528 Corripit
227 462 337 516 Aeneas
349 459 489 529 extemplo
502 460 653 528 avidusque
666 458 794 528 refringit

105 544 282 614 Cunctantem,
297 554 326 600 et
340 547 411 601 vatis
423 553 517 616 portat
530 547 580 600 srrb
595 551 670 600 tecta
683 545 810 612 Sibyllae.

135 633 156 685 N
159 651 187 687 ec
200 637 289 688 minus
302 635 408 688 interea
422 634 555 688 Misenum
570 634 599 686 in
613 632 695 686 litore
708 631 805 686 Teucri

104 719 213 786 Flebant,
228 729 257 776 et
269 722 354 776 cineri
368 723 479 790 ingrato
493 737 622 790 suprema
635 720 772 775 ferebant.

104 804 229 876 Principio
241 811 372 879 pinguem
386 809 474 868 taedis
489 815 517 862 et
531 809 631 862 robore
643 810 720 861 secto

103 891 234 962 lugentem
248 902 374 951 struxere
388 913 494 966 pyram,
513 895 556 949 cui
570 894 714 948 frondibus
727 895 795 948 atris

103 979 222 1036 lntexunt
233 984 329 1050 latera,
343 989 372 1038 et
384 983 476 1037 feralis
490 989 556 1036 ante
571 999 716 1051 cupressos

103 1065 278 1132 constituunt,
293 1071 479 1139 decorantque
493 1087 576 1138 super
589 1069 759 1138 fulgentibus
772 1070 863 1123 armis.

102 1155 161 1210 Pars
171 1159 273 1213 calidos
286 1159 382 1212 latices
394 1162 423 1212 et
435 1165 506 1212 aena
518 1158 652 1212 undantia
664 1156 781 1212 flammis

102 1241 254 1314 Expedinnt,
270 1263 424 1315 corpusque
437 1246 532 1300 lavant
546 1245 673 1313 frigentis
686 1250 714 1298 et
727 1249 862 1312 ungnrnnt.

102 1329 140 1384 Fit
150 1335 274 1400 gemitus.
313 1333 382 1387 Tum
394 1335 520 1388 membru
532 1340 595 1388 toro
609 1333 709 1386 defleta
721 1337 869 1400 reponunt,

102 1415 301 1490 Purpureusque
313 1437 394 1489 snper
407 1426 505 1489 vestes,
521 1419 659 1474 velamina
671 1425 746 1484 uota,

103 1502 245 1560 (leniciunt.
285 1507 355 1561 Pars
367 1508 472 1576 ingenti
488 1507 597 1562 subiere
611 1508 726 1573 foretne,

102 1589 180 1646 Triste
190 1595 383 1662 ministerium,
398 1602 427 1648 et
439 1595 592 1648 subiectam
606 1611 683 1648 more
698 1600 844 1662 parentum

102 1675 189 1734 Aversi
203 1687 319 1735 tenuere
331 1683 428 1736 facem
467 1681 605 1751 Congesta
617 1687 775 1736 cremantur

102 1763 179 1821 anea
190 1769 271 1834 dona,
286 1769 378 1837 dapes,
393 1769 455 1824 fuso
468 1775 588 1824 crateres
600 1769 684 1824 olivo.

102 1851 238 1924 Postquam
251 1857 375 1925 conlapsi
390 1858 496 1910 cineres
509 1862 537 1910 et
549 1856 660 1912 flamma
676 1858 792 1926 quievit,

101 1939 229 2011 Reliquias
241 1944 307 1998 vino
320 1950 349 1998 et
361 1944 483 1998 bibulam
498 1945 590 1998 lavere
604 1944 737 2012 favillam,

102 2027 212 2099 Ossaque
224 2032 297 2085 lecta
310 2031 380 2085 cado
392 2033 462 2085 texit
475 2031 637 2099 Corynaeus
650 2039 729 2086 aeno.

101 2113 168 2170 ldem
181 2125 223 2172 ter
234 2119 327 2173 socios
337 2135 407 2186 pura
419 2119 591 2172 circumtulit
603 2119 684 2184 unda,

102 2201 226 2272 Spargens
238 2221 304 2260 rore
317 2205 370 2259 levi
384 2212 501 2260 strumo
515 2206 602 2260 felicis
615 2207 715 2275 olivae,

102 2288 285 2363 lustravitque
298 2293 381 2360 viros,
396 2293 521 2362 dixitque
534 2294 685 2348 novissima
698 2296 793 2351 verbs.

103 2377 135 2430 At
145 2380 203 2446 pins
216 2381 330 2434 Aeneas
341 2381 447 2448 ingenti
462 2381 534 2434 mole
547 2381 704 2450 sepulcrum

101 2461 217 2532 lmpuuit
232 2483 338 2535 suaque
350 2483 427 2520 arma
440 2467 501 2520 viro
514 2485 675 2537 remumque
687 2470 847 2539 tubamque,

101 2547 185 2606 llonte
198 2555 249 2608 sub
261 2554 346 2621 aerio,
361 2555 406 2623 qui
420 2571 494 2608 nunc
507 2554 630 2610 Misenus
642 2557 676 2610 ab
690 2555 737 2610 illo

101 2634 206 2708 Dicitur,
220 2648 419 2710 aeternumque
431 2646 509 2700 tenet
521 2659 570 2710 per
583 2643 691 2698 saecula
703 2660 817 2700 nomem

131 2727 178 2780 llis
188 2732 257 2783 actis
269 2743 389 2798 propere
402 2729 561 2797 exsequitur
573 2737 721 2799 praerepta
733 2731 865 2798 Sibyllae,

102 2810 226 2880 Spelunca
237 2815 296 2870 alta
307 2816 363 2868 fuit
376 2821 509 2885 vastoque
522 2818 651 2870 immanis
664 2817 749 2881 hiatu,

102 2898 217 2970 Scrupoa,
232 2909 294 2957 tuta
306 2903 368 2956 lacu
382 2904 460 2972 nigro
475 2921 676 2973 nemorumque
690 2905 819 2972 tenebris,

102 2985 180 3049 Quam
193 3007 276 3060 super
290 2991 364 3046 hand
378 2992 448 3046 ullae
461 2997 594 3060 poterant
605 2993 718 3061 impune
731 2992 858 3048 volantes

101 3071 212 3132 Tendere
225 3080 280 3132 iter
292 3079 406 3147 pennis:
427 3080 491 3134 talis
502 3097 561 3134 sese
575 3081 679 3134 halitus
691 3082 759 3134 atris

102 3157 224 3218 Faucibus
236 3167 385 3220 effundens
398 3183 497 3236 supera
507 3168 542 3222 ad
555 3185 680 3222 convexa
694 3168 817 3223 ferebat:

102 3245 182 3312 [Unde
193 3251 284 3306 locum
299 3253 366 3307 Grai
379 3253 508 3308 dixerunt
521 3256 633 3309 nomine
647 3256 786 3323 Acmon]

103 3331 227 3396 Quattuor
239 3341 285 3395 hic
300 3341 418 3409 primum
431 3342 568 3408 nigrantis
581 3347 661 3411 terga
674 3343 808 3396 iuvencos

102 3418 240 3481 Constituit
252 3428 394 3495 frontique
407 3427 527 3496 invergit
539 3428 605 3482 vina
620 3429 756 3493 sacerdos,

101 3501 134 3560 Et
143 3527 260 3568 summas
272 3499 388 3582 carpens
401 3513 491 3568 media
502 3515 576 3568 inter
589 3531 693 3570 cornua
705 3521 795 3570 saetas
