2734 3936
506 221 645 270 VERGILI
668 220 856 270 GEORGIOON
878 220 898 272 1.

192 380 326 450 Tempore
339 398 504 451 quamquam
518 381 566 436 illo
579 381 659 435 tellus
672 399 782 451 quoque
795 389 823 436 et
836 397 957 450 aequora
970 382 1055 452 ponti,

193 467 388 537 Obscenaeque
401 485 491 536 canes,
505 469 735 538 importunaeque
747 469 875 523 volucres
981 508 985 516 .

193 554 276 622 Signa
286 555 398 608 dabant,
436 556 573 621 Quotiens
586 556 738 624 (lyclopum
751 557 885 610 effervere
898 555 927 608 in
940 571 1022 623 agros

194 640 321 694 Vidimus
334 641 484 696 undantem
497 643 586 711 ruptis
598 643 755 697 fornacibus
766 644 895 710 Aetnam,

195 728 430 798 Flammarumque
442 730 539 798 globos
551 729 751 799 liquefactaque
765 731 875 784 volvere
888 731 967 784 saxal

192 801 343 868 Armorum
355 817 475 870 sonitum
488 821 549 870 toto
562 817 712 871 Germania
723 817 799 878 caelu

192 902 304 971 Audiit,
325 903 442 957 insolitis
454 909 628 957 tremuerunt
642 906 765 958 motibus
777 906 872 975 Alpes.

193 991 257 1044 Vox
271 1007 379 1059 quoque
391 1007 442 1059 per
454 991 533 1045 lucos
544 991 626 1060 volgo
640 992 773 1046 exaudita·
784 994 890 1048 silentia

192 1068 301 1147 Ingens,
316 1067 345 1132 et
356 1077 503 1133 simulacra
516 1078 605 1132 modia
616 1079 749 1147 pallentia
760 1081 838 1135 miris

193 1167 261 1220 Visa
273 1167 323 1220 sub
337 1167 483 1221 obscurum
496 1167 600 1232 noctis3
622 1169 794 1238 pecudesque
806 1170 949 1224 locutae-

193 1255 340 1308 lnfundum
350 1255 497 1308 l-sistuut
509 1271 609 1323 amnes,
625 1263 769 1324 terraeque
782 1256 937 1324 debiscunt,

192 1342 229 1395 Et
240 1347 374 1395 maestum
388 1341 543 1394 inlacrimat
554 1343 666 1411 templis
679 1343 754 1412 ebur,
769 1360 888 1412 aeraque
905 1343 1014 1399 sudant

192 1428 300 1482 Proluit
312 1429 410 1482 insano
422 1434 609 1496 contorquens
622 1431 726 1484 vertice
739 1431 822 1485 silvas

192 1515 352 1569 Fluviorum
364 1533 414 1570 rex
426 1516 572 1586 Eridanus,
587 1534 753 1587 camposque
765 1534 816 1586 per
828 1519 917 1572 omnis

193 1603 263 1656 Oum
276 1603 391 1657 stabulis
403 1609 529 1658 armenta
541 1604 614 1658 tulit.
652 1603 680 1657 N
681 1622 713 1659 ec
725 1612 851 1673 tempore
864 1605 962 1658 eodem

192 1690 327 1744 Tristibus
340 1695 388 1744 aut
400 1691 471 1744 extis
483 1691 570 1746 fibrae
582 1708 715 1761 apparere
729 1694 856 1761 minaces,

192 1783 251 1832 Aut
263 1779 354 1848 puteis
366 1795 480 1833 manare
491 1796 574 1832 cruor
586 1780 710 1847 cessavit,
725 1785 754 1832 et
766 1780 838 1833 altae

192 1867 247 1920 Per
258 1872 369 1920 noctem
383 1883 511 1920 resonare
523 1867 596 1935 lupis
607 1867 777 1920 ululantibus
790 1868 880 1921 urbes.

180 1957 186 1985 '
192 1953 258 2008 Non
271 1955 337 2009 alias
345 1955 425 2032 'caelo
437 1955 597 2008 ceciderunt
609 1955 689 2022 plura
701 1970 798 2007 sereno

191 2042 319 2111 Fulgura,
335 2059 385 2097 nec
398 2041 449 2095 diri
463 2042 566 2096 totiens
579 2058 670 2095 arsere
683 2049 814 2095 cometae.

191 2130 266 2199 Ergo
278 2132 352 2184 inter
365 2147 423 2185 sese
436 2131 547 2199 paribus
562 2146 726 2184 concurrere
739 2129 802 2183 telis

192 2217 331 2272 Romanae
343 2219 415 2272 acies
426 2218 528 2271 iterum
540 2217 633 2271 videre
646 2216 784 2286 Philippi;

191 2305 252 2360 Nec
265 2306 318 2360 fuit
329 2306 473 2376 indiguum
486 2306 599 2375 superis,
613 2306 656 2358 bis
667 2305 801 2373 sanguine
813 2310 910 2358 nostro

191 2392 349 2447 Emathiam
362 2399 390 2447 et
401 2393 473 2449 latos
486 2393 585 2448 Haemi
597 2393 776 2462 pinguescere
789 2408 908 2458 campos.

192 2480 302 2534 Scilicet
314 2487 342 2534 et
353 2487 462 2550 tempus
476 2482 576 2548 veniet,
591 2497 655 2534 cum
668 2479 771 2533 finibus
783 2478 838 2532 illis

191 2567 330 2636 Agricola,
344 2569 459 2622 incurvo
472 2578 574 2622 terram
586 2567 700 2621 molitus
712 2573 812 2634 aratra,

191 2655 280 2708 Exesa
292 2655 415 2709 inveniet
426 2655 523 2709 scabra
535 2655 662 2723 robigine
674 2655 737 2723 pila,

191 2741 250 2794 Aut
262 2742 391 2809 gravibus
404 2742 499 2795 rastris
512 2741 603 2810 galeas
615 2741 736 2809 pulsabit
748 2741 847 2810 inanis,

191 2827 367 2897 Grandiaque
380 2828 484 2882 effossis
496 2829 643 2882 mirabitur
656 2845 718 2882 ossa
731 2828 871 2896 sepulcris.

191 2913 226 2966 Di
240 2915 330 2983 patrii,
345 2915 492 2984 Indigetes,
507 2921 536 2969 et
549 2915 667 2968 Romule
680 2914 823 2983 Vestaque
836 2920 933 2981 mater,

191 3001 268 3066 Quae
281 3002 398 3056 Tuscum
411 3002 531 3056 Tiberim
546 3008 574 3056 et
586 3001 713 3056 Romana
726 3002 833 3056 Palatia
845 3017 947 3071 servas,

191 3087 273 3142 Hunc
286 3089 382 3142 saltem
395 3106 491 3143 everso
503 3090 629 3142 iuvenem
645 3105 805 3143 succurrere
818 3088 908 3143 saeclo

191 3174 234 3227 Ne
247 3175 406 3243 prohibetel
446 3176 519 3230 Satis
532 3177 585 3229 iam
599 3175 705 3244 pridem
719 3177 851 3244 sanguine
865 3180 961 3230 nostro

191 3261 412 3316 Laomedonteae
424 3263 526 3317 luimus
537 3263 659 3333 periuria
671 3263 783 3329 Troiae,

191 3349 247 3402 Iam
261 3351 367 3416 pridem
381 3350 461 3403 nobis
474 3351 540 3404 caeli
553 3356 582 3404 te
595 3351 677 3418 regia,
693 3350 801 3417 Caesar,

191 3435 308 3502 Invidet,
323 3447 406 3503 atque
419 3435 562 3490 hominum
576 3438 700 3504 queritur
714 3453 811 3490 curare
824 3435 996 3503 triumphoa;

192 3521 300 3590 Quippe
314 3523 360 3575 ubi
373 3523 414 3575 fas
426 3539 536 3576 versum
550 3529 632 3590 atque
645 3523 736 3576 nefas:
757 3529 801 3576 tot
813 3522 885 3576 bella
897 3539 947 3591 per
961 3521 1065 3585 orbem,
