2656 3940
404 213 541 262 Vnaernr
565 214 729 262 Anumnos
751 214 823 262 VIII.

113 375 242 444 Reliquias
255 383 435 444 veterumque
448 375 525 428 vides
538 381 717 428 monumenta
731 375 861 429 virorum.

114 462 184 516 Hanc
196 463 277 516 lanus
289 469 377 531 pater,
392 462 465 515 hanc
478 461 613 516 Saturnus
628 461 751 515 condidit
764 477 872 528 arcem;

112 549 255 602 Ianiculum
267 550 339 616 huic,
353 549 390 602 illi
403 549 494 602 fuerat
507 548 637 602 Saturnia
648 548 778 602 nomen.’‘

111 635 213 690 Talibus
224 638 298 690 inter
310 653 340 690 se
352 636 434 690 dictis
447 635 482 689 ad
494 641 569 690 tecta
582 636 711 690 subibant

110 724 232 792 Pauperis
244 723 376 791 Euandri,
392 723 547 792 passimque
560 730 685 777 armenta
699 723 830 776 videbant

111 811 283 880 Romanoque
295 813 358 864 foro
372 817 401 864 et
412 811 495 864 lautis
507 811 615 879 mugire
629 810 745 864 Oarinie.

110 897 143 951 Ut
156 905 267 952 ventum
281 899 316 952 ad
328 899 422 951 sedes:
445 901 461 926 “
472 897 547 950 Haec
559 897 580 924 o
588 898 678 966 inquit
694 899 713 928 ‘⁸
722 897 817 951 limina
831 899 919 951 victor

108 986 215 1039 Alcides
227 986 320 1054 subiit,
336 986 403 1039 haec
415 983 493 1038 illum
505 985 582 1052 regia
595 985 675 1053 cepit.

108 1072 191 1141 Ande,
206 1074 316 1142 hospes,
331 1078 508 1126 contemnere
522 1089 596 1141 opes,
611 1077 639 1126 et
652 1081 680 1125 te
694 1089 803 1142 quoqne
814 1073 929 1141 dignum

107 1161 187 1230 Finge
199 1162 261 1226 dec,
276 1161 412 1229 rebusque
425 1161 489 1214 veni
503 1175 559 1212 non
573 1175 653 1228 asper
665 1159 787 1226 egenis.’'

108 1247 187 1316 Dixit,
203 1255 231 1302 et
244 1249 352 1316 angusti
366 1247 461 1301 subter
473 1248 583 1316 fastigia
594 1248 660 1301 tecti

107 1336 245 1404 Ingentem
260 1336 375 1389 Aenean
389 1335 476 1401 duxit,
492 1336 638 1404 stratisque
652 1336 757 1389 locavit

89 1423 236 1477 »Effultnm
249 1423 325 1477 foliis
338 1429 366 1476 et
379 1422 450 1491 pelle
463 1421 613 1490 Libystidis
626 1440 714 1476 ursae.

90 1496 93 1508 “
139 1512 198 1566 Nox
213 1511 279 1578 ruit,
295 1516 324 1563 et
337 1511 419 1563 fuscis
432 1509 559 1562 tellurem
575 1510 752 1578 amplectitur
762 1510 819 1564 alis.

108 1599 142 1651 At
154 1599 250 1653 Venus
264 1598 341 1651 hand
353 1599 445 1652 auimo
460 1597 624 1666 nequiquam
638 1597 771 1651 exterrita
785 1605 880 1664 mater,

106 1687 326 1759 Laurentumque
336 1691 419 1744 minis
433 1696 460 1744 et
472 1690 543 1742 duro
557 1701 633 1742 mota
645 1687 775 1753 tumultu,

106 1776 257 1832 Volcanum
271 1776 437 1846 adloquitur,
455 1776 631 1844 thalamoque
644 1775 712 1828 haec
725 1775 850 1843 coniugis
862 1772 946 1828 aureo

105 1862 208 1934 Incipit,
224 1872 253 1919 et
266 1865 349 1919 dictis
362 1865 487 1918 divinum
500 1867 603 1934 aspirat
616 1885 751 1921 amorem:

106 1953 197 2008 “Dum
211 1955 288 2009 bello
302 1955 425 2024 Argolici
440 1958 586 2010 vastabant
598 1957 734 2026 Pergama
745 1973 824 2025 reges

103 2038 199 2098 Debita
212 2061 382 2113 casurasque
395 2045 514 2098 inimicis
528 2045 636 2112 ignibus
649 2061 733 2111 arces,

104 2126 162 2182 Non
175 2132 263 2185 ullum
277 2131 412 2186 auxilium
426 2132 541 2196 miseris,
555 2147 612 2184 non
629 2148 706 2184 arma
718 2132 812 2200 rogavi

103 2216 175 2273 Artis
187 2221 307 2288 opisque
320 2224 397 2287 tuae3
419 2237 469 2275 nec
482 2228 517 2287 te,
534 2221 674 2274 carissime
687 2221 818 2285 coniunx,

102 2304 275 2362 incassumve
289 2313 355 2361 tuos
366 2309 439 2361 volui
454 2325 582 2362 exercere
594 2307 709 2373 labores,

103 2391 230 2458 Quamvis
242 2401 273 2450 et
287 2395 390 2448 Priami
404 2397 533 2450 deberem
546 2396 665 2464 plurima
678 2395 757 2462 natis,

101 2478 134 2533 Et
145 2483 244 2537 durum
260 2484 376 2536 Aeneae
388 2482 525 2538 flevissem
541 2500 620 2552 saepe
633 2480 764 2536 laborem.

102 2566 179 2624 Nunc
192 2571 269 2624 lovis
283 2570 410 2639 Imperiis
423 2571 587 2624 Rutulorum
603 2571 727 2624 constitit
740 2569 809 2622 oris:

101 2654 169 2726 Ergo
182 2659 281 2712 cadem
297 2657 413 2725 supplex
429 2661 517 2724 venio,
534 2666 562 2712 et
574 2665 698 2711 sanctum
712 2656 779 2709 mihi
796 2671 897 2708 numen

105 2744 183 2798 Arma
195 2763 274 2814 rogo,
290 2745 419 2813 genetrix
433 2751 509 2798 nate.
548 2745 586 2798 Te
599 2745 656 2798 lilia
669 2743 761 2808 Nerei,

100 2829 134 2885 'le
145 2834 237 2902 potuit
251 2832 377 2887 lacrImis
390 2831 519 2886 Tithonia
531 2832 642 2886 flectere
655 2832 783 2886 coniunx.

101 2919 206 2989 Aspice,
222 2920 270 2989 qui
285 2923 388 2972 coeant
401 2919 503 2987 populi,
520 2935 589 2988 quae
601 2920 711 2973 moenia
726 2919 825 2972 clausis

100 3003 207 3060 Ferrum
221 3010 330 3061 acuant
343 3005 432 3073 portis
445 3005 474 3058 in
486 3023 530 3058 me
544 3006 751 3075 exscidiumque
763 3003 916 3059 meorun1.‘'

100 3090 218 3161 Dixerat,
234 3102 264 3148 et
277 3092 372 3146 niveis
383 3091 449 3146 hinc
463 3098 545 3162 atque
558 3093 623 3147 hinc
636 3094 702 3148 diva
714 3094 824 3147 lacertis

100 3178 281 3236 Cunctantem
296 3179 427 3248 amplexu
441 3180 516 3233 molli
530 3181 613 3234 fovet.
652 3180 701 3234 llle
714 3186 829 3248 repente

102 3266 211 3338 Accepit
224 3269 340 3323 solitam
354 3266 502 3334 flammam,
511 3273 655 3336 vnotusque
668 3267 803 3320 medullas

100 3352 212 3410 intravit
224 3356 312 3422 calor,
330 3359 357 3408 et
369 3353 505 3409 labefacta
518 3371 566 3425 per
580 3371 642 3408 ossa
655 3354 791 3408 cucurrit:

99 3440 159 3496 Non
171 3462 250 3498 secus
263 3449 352 3510 atque
366 3442 440 3506 olim,
456 3443 562 3496 tonitru
576 3459 637 3495 curn
651 3447 734 3512 rupta
746 3457 861 3494 corusco

98 3526 178 3596 Ignea
190 3532 261 3584 rima
275 3529 386 3583 micans
398 3530 535 3596 percurrit
547 3529 650 3581 lumine
662 3529 779 3581 nimbos.
