2656 3940
440 996 469 1065 P.
485 997 624 1066 verunt
646 998 796 1068 tuturus

357 1183 403 1256 A
435 1181 471 1254 Ε
504 1182 548 1255 Ν
582 1181 618 1254 Ε
651 1181 673 1256 Ι
705 1182 746 1256 D
781 1181 818 1258 Ο
853 1182 882 1258 S

422 1375 557 1437 ursan
585 1375 802 1438 cornuue.

531 1584 699 1592 ——-

108 1708 142 1766 Ut
153 1712 216 1767 belli
229 1713 343 1783 signum
357 1711 488 1767 Laurenti
502 1711 610 1764 Turnus
624 1712 658 1766 ab
672 1727 735 1764 arce

108 1797 215 1868 Extulit,
229 1807 259 1855 et
271 1817 358 1854 rauco
371 1805 547 1868 strepuerunt
560 1816 664 1853 cornua
677 1805 768 1867 cantu,

108 1883 192 1956 thue
204 1891 277 1942 acris
290 1888 431 1942 concussit
443 1903 535 1968 equos,
551 1893 635 1954 utque
648 1886 759 1955 impulit
774 1903 858 1954 arma,

107 1973 249 2044 Extemplo
262 1974 371 2028 turbati
384 1973 474 2041 animi,
490 1973 571 2026 simul
585 1991 665 2026 omne
679 1973 800 2026 tumultu

107 2061 234 2118 Coniurat
247 2062 362 2131 trepido
374 2061 493 2127 Latium,
506 2061 646 2130 saevitque
660 2062 789 2115 iuventus

106 2148 199 2205 Effera.
236 2150 379 2204 Ductores
392 2149 473 2218 primi
485 2148 627 2217 Messapus
640 2153 668 2202 et
681 2149 768 2202 Ufens

107 2235 342 2307 contemptorque
355 2237 437 2290 deum
450 2236 603 2290 Mezentius
616 2236 737 2305 undique
752 2242 856 2303 cogunt

106 2325 218 2393 Auxilia,
233 2330 263 2379 et
274 2325 350 2379 latos
365 2328 473 2377 vastant
485 2323 638 2377 cultoribus
651 2340 739 2392 agros.

106 2409 219 2466 Mittitur
231 2418 261 2466 et
273 2412 370 2480 magni
387 2410 509 2464 Venulus
522 2410 664 2464 Diomedis
677 2411 712 2464 ad
724 2411 830 2478 urbem,

106 2498 154 2563 Qui
165 2506 242 2568 petat
255 2500 399 2567 auxilium,
415 2504 450 2566 et,
464 2499 544 2552 Latio
557 2498 708 2552 consistere
721 2499 847 2564 Teucros,

106 2584 257 2639 Adveotnm
272 2587 391 2638 Aenean
404 2584 481 2638 classi
495 2585 638 2652 victosque
652 2583 764 2637 Penatis

105 2670 204 2728 inferre
216 2681 245 2728 et
257 2673 328 2727 fatis
341 2688 434 2740 regem
447 2689 476 2725 se
489 2672 581 2726 dicere
593 2671 678 2740 posci,

105 2759 227 2829 Edooeat‚
243 2761 403 2829 multasque
416 2760 476 2812 viro
489 2777 518 2813 se
531 2759 680 2826 adiungere
693 2757 785 2826 gentis

104 2846 247 2918 Dardanio,
263 2853 294 2902 et
305 2847 363 2901 late
375 2847 454 2900 Latio
466 2847 670 2901 increbrescere
683 2861 793 2899 nomen.

105 2936 171 3001 Quid
183 2943 273 2992 struat
287 2935 332 2988 his
345 2935 458 3003 coeptis,
474 2951 564 3003 quern,
579 2934 601 2986 si
613 2933 737 2987 Fortuna
750 2937 889 3000 sequatur,

104 3019 233 3076 Eventum
247 3036 360 3091 pugnae
373 3019 473 3087 cupiat,
487 3019 660 3073 manifestius
672 3018 732 3086 ipsi,

105 3109 185 3174 Quam
197 3110 295 3164 Turno
309 3110 374 3176 regi,
390 3113 439 3161 aut
450 3105 509 3174 regi
521 3121 655 3174 apparere
667 3105 775 3158 Latino

134 3198 207 3252 Talia
218 3215 271 3267 per
283 3196 407 3250 Latium.
446 3193 522 3258 Quae
538 3192 751 3246 Laomedontius
763 3191 845 3246 heros

104 3287 203 3340 Cuncta
216 3285 318 3339 videns
331 3298 432 3350 magno
445 3297 572 3335 curarum
585 3279 703 3334 fluctuat
716 3287 808 3346 aestu3

104 3374 189 3443 Atque
201 3375 329 3428 animum
341 3387 417 3423 nuno
431 3368 484 3421 huc
498 3368 623 3434 celerem,
638 3383 713 3420 nunc
726 3366 826 3420 dividit
839 3367 912 3434 illuc,

104 3460 132 3513 ln
143 3463 283 3532 partisque
297 3458 373 3526 rapit
384 3456 476 3510 varias
488 3471 591 3523 perque
604 3454 697 3508 omnia
710 3459 814 3508 versat:

103 3547 173 3602 Siout
185 3565 273 3616 aquae
286 3544 438 3599 tremulum
451 3543 535 3596 labris
549 3541 594 3595 ubi
607 3540 700 3593 lumen
715 3541 791 3594 aenis

1087 3368 1122 3418 20
