2734 3936
563 213 701 263 VERGILI
724 214 855 265 ECLOGA
875 215 906 267 V.

224 371 502 428 Pastores—mandat
512 372 573 427 fieri
587 374 639 428 sibi
652 375 719 428 talia
731 369 894 445 Daphnis-

223 459 261 512 Et
272 460 408 514 tumulum
421 461 513 530 facite,
527 466 556 515 et
567 462 675 515 tumulo
688 463 865 531 superaddite
877 480 1005 518 carmen:

225 546 377 615 “Daphnis
390 563 441 615 ego
453 548 481 600 in
495 548 578 615 silvis,
592 549 656 602 hinc
669 566 755 618 usque
768 550 802 603 ad
815 550 905 604 sidera
915 555 1007 618 notus,

224 633 348 686 Formosi
361 634 469 702 pecoris
482 641 583 702 custos
597 636 745 689 formosior
758 636 845 705 ipse.”

258 719 333 774 Mau.
352 719 417 774 Tale
430 726 509 774 tuum
521 739 630 775 carmen
643 723 731 790 nobis,
746 723 839 776 divine
852 728 943 793 poeta,

156 828 158 834 ,
224 805 311 871 Quale
324 823 407 876 sopor
419 808 500 861 fessis
512 809 542 861 in
555 809 686 877 gramine,
702 809 781 877 qualo
795 826 844 878 per
856 819 963 864 aestum

222 892 318 947 Dulcis
331 911 416 963 aquae
429 895 544 950 saliente
557 897 632 949 sitim
644 896 816 972 restinguere
829 898 907 964 riv03

223 979 283 1033 Nec
295 981 406 1034 calamis
419 981 508 1035 solum
521 983 689 1054 aequiparas,
705 982 752 1036 sed
768 1000 834 1038 voce
846 985 1016 1054 magistrum.

222 1068 375 1122 Fortunate
388 1086 463 1138 puer,
479 1075 509 1124 tu
521 1086 595 1124 nuno
609 1070 664 1123 eris
676 1068 747 1123 alter
760 1072 795 1124 ab
807 1071 864 1126 illo.

222 1155 250 1208 N
252 1173 282 1209 os
294 1163 387 1210 tamen
399 1157 468 1211 haec
480 1173 652 1226 quocumque
665 1158 751 1211 modo
763 1159 815 1213 tibi
826 1164 923 1212 nostra
934 1158 1055 1214 vicissim

222 1242 359 1312 Dicemus,
375 1244 570 1314 Daphnimque
582 1251 661 1297 tuum
673 1245 804 1300 tollemus
816 1246 850 1300 ad
863 1251 953 1313 astrs3

223 1330 353 1398 Daphnin
367 1331 402 1384 ad
414 1336 489 1385 astra
502 1332 635 1385 feremus:
657 1333 761 1386 amavit
772 1349 825 1386 nos
837 1349 945 1402 quoque
957 1333 1092 1402 Daphnis.

222 1417 296 1471 Mor.
318 1418 363 1471 An
376 1419 521 1487 quicquam
534 1419 615 1472 nobis
627 1420 677 1473 tali
690 1420 725 1473 sit
738 1437 852 1474 munere
871 1421 978 1475 maiust

221 1503 259 1557 Et
270 1521 338 1574 puer
351 1506 410 1573 ipse
422 1507 474 1559 fuit
487 1507 592 1560 cantari
605 1507 713 1576 dignus,
728 1515 756 1562 et
768 1510 822 1562 ista

222 1590 280 1644 lam
293 1591 400 1659 pridem
414 1591 548 1647 Stimicon
561 1594 686 1648 laudavit
699 1595 822 1650 carmina
833 1596 921 1649 nobis.

258 1676 332 1732 Mau.
354 1678 493 1733 Candidus
505 1681 644 1736 insuetum
657 1681 775 1735 miratur
786 1681 872 1736 limen
885 1682 997 1750 Olympi

222 1765 278 1817 Sub
291 1765 460 1835 pedibusque
473 1767 549 1822 videt
562 1769 648 1822 nubes
661 1773 690 1821 et
703 1768 793 1823 sidera
804 1768 940 1837 Daphnis.

125 1880 127 1884 .
221 1850 294 1920 Ergo
307 1853 404 1907 alacris
417 1855 499 1910 silvas
512 1862 540 1908 et
553 1862 645 1910 cetera
658 1873 723 1910 rura
735 1856 864 1924 voluptas

221 1938 352 2009 Panaque
363 1949 541 2012 pastoresque
553 1949 631 1998 tenet
644 1943 823 2012 Dryadasque
835 1943 958 2012 puellas;

221 2025 281 2080 Nec
293 2027 373 2096 lupus
385 2029 498 2083 insidias
509 2031 611 2099 pecori,
625 2047 677 2084 nec
689 2032 760 2085 retia
773 2031 862 2085 cervis

221 2113 284 2168 Ulla
297 2115 389 2170 dolum
403 2117 587 2184 medicantum
608 2123 683 2171 amat
697 2119 785 2172 bonus
798 2119 855 2172 otia
866 2116 1003 2186 Daphnis.

220 2199 277 2268 Ipsi
289 2201 394 2257 laetitia
405 2219 488 2258 voces
500 2204 535 2257 ed
548 2204 638 2259 sidera
649 2205 754 2259 iactant

220 2286 328 2342 Intonsi
341 2283 465 2356 montos3
486 2291 561 2360 ipsae
574 2292 629 2346 iam
643 2292 765 2346 carmina
778 2308 868 2360 rupes,

220 2373 284 2442 Ipsa
296 2381 396 2431 sonant
408 2379 535 2432 arbusta:
557 2379 664 2445 “Deus,
674 2379 742 2432 deus
754 2379 808 2446 ille,
822 2378 963 2432 Menalca!
978 2377 994 2406 ''

220 2460 264 2515 Sis
276 2463 365 2516 bonus
377 2481 394 2517 o
406 2465 527 2534 felixque
539 2467 612 2520 tuis!
634 2483 669 2519 en
683 2471 814 2534 quattuor
827 2482 904 2519 aras:

219 2548 291 2603 Ecce
303 2550 370 2605 duas
382 2551 441 2620 tibi,
457 2552 576 2621 Daphni,
591 2553 660 2607 duas
673 2553 771 2607 altaria
783 2553 904 2606 Phoebo.

219 2635 323 2692 Pocula
335 2638 400 2693 bina
411 2655 486 2692 novo
499 2641 655 2709 spumantia
666 2640 738 2694 lacte
751 2639 899 2709 quotannis

220 2722 402 2794 Craterasque
414 2725 483 2779 duos
496 2731 614 2780 statuam
628 2727 680 2780 tibi
694 2726 804 2796 pinguia
817 2727 891 2796 olivi,

218 2811 255 2864 lit
267 2812 355 2866 multo
369 2813 398 2865 in
410 2813 506 2881 primis
519 2814 640 2868 hilarans
652 2815 779 2868 convivia
791 2813 910 2882 Baccho,

218 2898 294 2952 Ante
307 2900 409 2968 focum,
425 2900 447 2953 si
461 2901 546 2970 frigus
559 2903 620 2967 erit,
636 2902 659 2956 si
672 2903 775 2970 messis,
790 2902 819 2955 in
831 2901 937 2967 umbra,

219 2985 292 3040 Vina
304 3002 406 3040 novum
421 2987 536 3041 fundam
549 2988 665 3043 calathis
677 2989 790 3042 Ariusia
802 2994 906 3043 nectar.

218 3072 376 3129 Cantabunt
389 3073 457 3127 mihi
469 3074 618 3130 Damoetas
630 3084 658 3130 et
670 3075 784 3144 Lyctius
796 3077 912 3144 Aegon3

217 3158 349 3214 Saltantis
362 3161 476 3228 Satyros
489 3161 643 3216 imitabitur
656 3163 867 3231 Alphesiboeus.

218 3244 293 3301 Haec
306 3248 357 3300 tibi
371 3265 480 3317 semper
493 3254 581 3317 erunt,
597 3256 625 3303 et
638 3267 701 3303 cum
714 3250 858 3305 sollemnia
870 3257 935 3304 vota

217 3332 374 3388 Reddemus
387 3334 533 3405 Nymphis,
548 3347 576 3389 ct
589 3353 650 3390 oum
664 3337 844 3391 lustrabimus
856 3354 944 3405 agros.

217 3419 290 3472 Dum
303 3421 367 3489 iuga
379 3423 482 3475 montis
494 3438 567 3490 aper,
582 3422 680 3476 fluvios
692 3425 758 3477 dum
771 3425 853 3492 piscis
865 3424 976 3490 amabit,

216 3506 344 3576 Dumque
358 3507 456 3574 thymo
468 3515 615 3576 pascentur
627 3527 700 3578 apes,
716 3511 780 3563 dum
794 3527 857 3563 rore
870 3509 988 3576 cicadae,
