2656 3940
514 213 653 264 vunulm
675 205 841 259 AENEIDOS
862 205 906 254 XI.

204 387 313 444 Aureus
326 400 360 437 ex
373 398 469 435 umero
482 382 564 432 sonat
576 391 656 430 arcus
669 378 697 427 et
709 387 787 427 arma
799 368 914 422 Dianae.
943 407 951 420 .

203 473 254 527 Illa
266 472 357 548 etiam,
369 469 392 524 si
405 467 515 537 quando
526 466 555 518 in
571 470 677 530 tergum
691 460 770 530 pulsa
782 455 902 523 recessit,

106 545 111 554 ’
204 560 314 629 Spicula
325 572 459 611 converso
471 552 604 622 fugientia
616 549 718 616 derigit
730 561 803 600 arcu.

204 649 244 701 At
256 648 360 702 emerim
373 646 461 698 lectae
474 641 597 708 comites,
612 638 767 704 Larinaque
780 633 858 700 virgo

204 735 335 803 Tullaque
350 737 377 786 et
390 735 511 785 aeratam
525 727 651 797 quatiens
663 721 779 790 Tarpeia
791 717 917 783 securim,

204 822 323 888 Italides,
339 837 405 889 quas
418 819 477 888 ipsa
490 816 573 869 decus
586 813 639 867 sibi
652 811 698 865 dia
712 807 829 864 Camilla

204 909 322 977 Delegit,
336 909 466 977 pacisque
478 904 566 957 bonas
578 899 697 968 bellique
711 895 866 950 ministras:

206 997 306 1063 Quales
319 993 462 1048 Threiciae
475 1007 538 1045 cum
551 988 664 1041 flumina
678 979 891 1037 Thermodontis

205 1084 320 1138 Pulsant
333 1087 361 1136 et
373 1080 455 1150 pictis
469 1077 606 1132 bellantur
621 1075 779 1127 Amazones
792 1065 882 1133 armis,

206 1173 260 1226 Seu
272 1172 374 1226 circum
390 1166 568 1237 Hippolyten,
584 1180 631 1216 seu
644 1177 707 1216 cnm
719 1175 748 1212 se
760 1155 863 1211 Martia
874 1169 956 1207 eurru

206 1259 382 1314 Penthesilea
393 1256 488 1322 refert,
503 1266 659 1321 magnoque
673 1247 796 1301 ululante
809 1227 931 1296 tumultu

206 1347 337 1402 Feminea
348 1329 488 1399 exsultant
499 1340 601 1395 lunatis
614 1337 721 1406 agmina
733 1332 823 1402 peltis.

208 1435 296 1500 Quem
309 1432 366 1487 telo
379 1432 506 1500 primurn,
522 1443 602 1498 quem
616 1431 794 1494 postremum,
813 1432 908 1486 aspera
921 1414 1008 1482 virgo,

208 1522 308 1588 Deiels,
323 1525 370 1574 aut
383 1525 451 1588 quot
464 1517 539 1570 humi
553 1513 699 1568 morientia
710 1523 825 1578 corpora
840 1503 948 1558 iundisl

207 1609 333 1662 Euneum
348 1607 441 1674 Clytio
454 1606 574 1674 primum
586 1606 679 1670 patre3
700 1598 778 1652 ouius
789 1597 915 1663 apertum

208 1696 328 1750 Adversi
339 1696 422 1763 longa
432 1691 639 1747 transverberat
651 1687 742 1742 abiete
753 1689 857 1752 peetus.
873 1709 874 1713 =

209 1783 354 1852 Sanguinis
366 1782 413 1834 ille
425 1795 539 1834 vomens
552 1779 626 1831 rivos
638 1774 718 1841 eadit,
734 1778 815 1838 atque
828 1772 969 1822 cruentam

209 1870 316 1924 Mandit
330 1869 451 1936 humum,
466 1866 640 1932 moriensque
653 1877 702 1915 suo
716 1859 787 1912 sein
800 1855 913 1909 volnere
927 1856 1026 1904 versat.

210 1957 279 2011 Tum
292 1957 386 2023 Lirim,
401 1955 590 2023 Pagasumque
603 1967 700 2018 super,
723 1963 839 2018 quorum
854 1945 923 2000 alter
937 1943 1058 1999 habenas

211 2045 332 2099 Suffosso
344 2042 486 2096 revolutus
498 2057 569 2108 equo
582 2039 648 2091 dum
661 2037 772 2104 colligit,
787 2034 857 2088 alter

211 2133 284 2186 Dum
298 2131 372 2184 subit
385 2147 416 2184 ac
429 2129 553 2182 dextram
567 2127 671 2180 labenti
684 2125 774 2178 tendit
786 2125 928 2192 inermem,

210 2219 380 2287 Praecipites
392 2217 550 2286 pariterque
562 2219 654 2268 ruunt.
692 2212 743 2264 His
756 2211 832 2265 addit
845 2212 1005 2265 Amastrum

211 2307 395 2376 Hippotaden,
407 2304 584 2374 sequiturque
596 2301 758 2355 incumbens
771 2301 878 2355 eminus
890 2301 971 2354 hasta

212 2395 351 2463 Tereaque
366 2392 606 2460 Harpalycumque
620 2393 648 2442 et
662 2387 875 2456 Demophoonta
888 2385 1101 2453 Chrominqu03

213 2482 342 2547 Quotque
355 2480 453 2533 emissa
465 2494 548 2531 manu
561 2475 695 2530 contorsit
707 2475 811 2544 spicula
824 2474 910 2543 virgo,

213 2569 266 2621 Tot
278 2567 393 2635 Phrygii
406 2566 531 2620 cecidere
545 2565 605 2618 viri.
643 2563 744 2618 Procul
758 2563 881 2630 Ornytus
894 2560 978 2616 armis

214 2655 320 2724 Ignotis
334 2660 362 2708 et
374 2671 445 2722 equo
457 2657 574 2706 venator
587 2652 690 2720 iapyge
703 2653 800 2719 fertur,

215 2743 266 2797 (lui
278 2742 358 2811 pellis
371 2742 441 2795 latos
453 2757 563 2794 umeros
576 2746 671 2808 erepta
684 2740 801 2792 iuvenco

214 2829 366 2899 Pugnatori
379 2829 476 2897 operit,
491 2833 575 2896 eaput
586 2827 684 2894 ingens
697 2826 753 2880 oris
765 2824 858 2879 hiatus

214 2919 251 2972 Et
263 2918 352 2972 malae
364 2922 457 2970 texere
469 2915 527 2983 lupi
541 2931 603 2967 eum
618 2913 747 2967 dentibus
759 2913 836 2981 albis,

216 3006 396 3074 Agrestisqne
408 3019 506 3057 manus
519 3007 607 3056 armat
621 3017 730 3070 sparus3
753 3001 811 3068 ipse
824 2997 942 3054 catervis

217 3093 345 3148 Vertitur
357 3093 386 3146 in
399 3091 504 3158 mediis,
521 3094 549 3143 et
562 3095 622 3142 toto
635 3089 740 3142 vertice
754 3103 837 3156 supra
849 3094 900 3141 est.

217 3181 299 3234 Hune
310 3180 359 3233 illa
370 3184 526 3247 exceptum,
541 3192 629 3245 neque
643 3175 715 3228 enim
728 3175 812 3241 labor,
828 3174 938 3244 agmine
952 3187 1039 3240 verso,

217 3267 327 3334 Traicit,
342 3273 371 3319 et
383 3283 464 3334 super
477 3266 545 3318 haee
558 3263 670 3316 inimico
684 3266 796 3330 pectore
809 3262 900 3315 fatur:

219 3357 236 3383 “
247 3354 328 3433 Silvis
344 3359 380 3418 te,
395 3353 545 3419 Tyrrhena,
560 3351 633 3403 feras
645 3349 751 3418 agitare
763 3349 885 3417 putasti?

220 3437 342 3492 Advenit
354 3439 400 3505 qui
414 3443 505 3490 vestra
517 3437 576 3490 dies
589 3435 769 3490 muliebribus
781 3437 866 3490 armis

220 3524 315 3578 Verba
327 3522 505 3590 redarguerit.
544 3523 569 3574 N
571 3539 652 3576 omen
666 3528 760 3576 tamen
773 3522 848 3576 haud
859 3522 920 3576 leve
933 3525 1043 3590 patrum
