2730 3936
531 978 560 1045 Ρ.
579 977 719 1045 VERGlll
744 974 897 1045 ultoris

435 1161 481 1238 A
516 1163 553 1236 E
589 1161 634 1235 N
669 1161 706 1232 E
743 1161 765 1233 Ι
800 1159 840 1232 l)
879 1157 916 1234 O
955 1158 982 1234 S

508 1357 644 1418 mana
673 1353 917 1416 ononimus

637 1547 789 1572 —4-—

202 1683 366 1738 Oontionere
380 1700 482 1750 omues,
496 1683 652 1752 intentique
666 1699 716 1736 ora
727 1681 869 1736 tenebant.

201 1769 269 1825 Inde
281 1775 343 1824 toro
355 1777 435 1839 pater
448 1770 559 1824 Aeneas
570 1771 609 1825 sio
622 1787 700 1824 orsus
713 1769 748 1822 ab
761 1768 832 1822 ulto:

237 1858 254 1888 ‘⁶
262 1856 416 1924 Infandum,
431 1858 546 1927 Regina,
560 1857 639 1911 iubes
650 1872 784 1910 renovare
796 1855 929 1922 dolorem,

200 1943 333 1999 Troianas
345 1951 376 1999 ut
388 1963 454 2014 opes
466 1952 495 1999 et
507 1944 685 1999 lamentabile
698 1959 813 2011 regnum

200 2030 330 2085 Eruerint
345 2032 450 2098 Danai3
471 2048 595 2100 quaeque
607 2032 666 2100 ipse
678 2030 832 2084 miserrima
844 2028 911 2097 vidi,

199 2118 237 2171 Et
249 2136 367 2188 quorum
379 2137 443 2188 pars
455 2136 555 2187 magna
566 2119 616 2173 fui.
657 2118 727 2184 Quis
738 2117 805 2171 talia
817 2116 904 2170 lando

200 2204 406 2272 Myrmidonum
419 2205 596 2274 Dolopumve
608 2210 657 2260 aut
670 2205 732 2259 (luri
745 2203 824 2257 miles
836 2201 912 2256 Ulixi

200 2290 346 2361 Temperet
359 2293 523 2347 alaerimisl
543 2297 571 2346 et
583 2293 638 2346 iam
650 2309 708 2345 nox
720 2291 814 2344 umida
826 2291 903 2344 eaelo

200 2379 376 2449 Praecipitat,
390 2380 562 2448 suadentque
574 2380 703 2433 cadentia
716 2379 806 2432 sidera
819 2393 940 2432 somnos.

201 2467 254 2521 Sed
268 2468 290 2519 si
303 2473 397 2521 tantus
409 2483 487 2521 amor
499 2483 577 2520 oasus
591 2483 755 2534 eognoseere
768 2470 878 2519 nostros

200 2555 237 2607 Et
249 2555 370 2607 breviter
383 2553 480 2607 Troiae
492 2570 650 2622 supremum
666 2553 760 2606 audire
772 2552 904 2619 laborem,

202 2641 372 2710 Quamquam
385 2641 494 2694 animus
507 2641 664 2714 meminisse
679 2639 784 2707 horret,
799 2639 929 2708 luctuque
941 2637 1055 2706 refugit,

200 2728 339 2798 Incipiam.
387 2728 479 2782 Fraoti
492 2727 565 2782 bello
578 2728 699 2796 fatisque
713 2726 815 2795 repulsi

199 2818 335 2870 Ductores
350 2815 483 2882 Danaum,
498 2820 541 2868 tot
554 2815 609 2868 iam
625 2815 782 2868 lubentibus
796 2813 883 2879 annis,

199 2905 290 2956 Instar
303 2903 405 2956 montis
417 2918 517 2972 equum
531 2901 626 2955 divina
639 2900 760 2955 Palladis
772 2906 832 2954 arte

199 2989 365 3057 Aedificant,
380 2998 507 3058 seetaque
520 2990 649 3042 intexunt
663 2988 753 3042 abiete
767 2993 872 3055 oostas3

199 3078 304 3131 Votum
317 3093 369 3146 pro
381 3076 473 3130 reditu
486 3076 631 3144 simulant3
653 3092 685 3130 ea
697 3076 770 3129 fama
782 3081 906 3143 vagatur.

200 3164 261 3218 Huo
273 3164 381 3218 delecta
394 3164 483 3217 virum
498 3163 588 3217 sortiti
602 3179 719 3231 corpora
730 3163 826 3216 furtim

200 3249 348 3305 Inoluduut
361 3267 443 3305 oueoo
456 3250 544 3318 lateri,
561 3252 724 3318 penitusque
738 3265 870 3304 eaveruas

200 3338 323 3406 Ingentis
335 3335 500 3408 uterumque
513 3342 620 3391 armato
633 3337 720 3390 milite
733 3335 883 3404 complent.

235 3425 284 3480 Est
296 3426 326 3480 in
338 3429 489 3492 oonspoetu
501 3423 633 3491 Tenedos,
648 3424 792 3477 notissima
804 3425 881 3477 fama

202 3511 301 3579 Insula
315 3505 394 3564 dives
407 3526 498 3578 opum,
513 3509 616 3562 Priami
630 3509 694 3561 dum
709 3526 794 3577 regna
807 3510 964 3572 manebunt,
