2656 3940
529 211 667 262 VERGILI
690 214 855 263 nnnnlnos
878 214 921 264 IX.

219 370 310 424 Unum
324 388 388 426 oro:
408 373 536 440 genetrix
549 373 653 426 Priami
667 374 702 427 de
715 381 797 442 gente
810 380 919 428 vetusta

216 457 267 510 Est
279 457 355 526 mihi,
370 475 452 526 qnam
464 460 593 513 miseram
606 461 697 513 tenuit
709 477 764 514 non
778 461 831 515 Ilia
842 461 924 515 tellus

217 544 325 599 Mecum
340 546 529 616 excedentem,
544 563 602 601 non
615 549 725 602 moenia
737 549 810 617 regis
823 548 957 603 Acestae:

217 633 295 686 Hanc
308 649 359 700 ego
372 649 445 688 nnnc
456 634 583 702 ignaram
597 634 679 688 huius
692 635 883 704 quodcumque
896 635 994 705 pericli
1007 641 1050 690 est

216 720 304 789 Inque
317 720 465 775 salutatam
478 721 589 791 linqu03
610 721 676 774 Nox
689 728 718 774 et
730 729 779 775 tua
793 723 871 776 testis

217 807 346 876 Dextera,
359 807 433 876 quod
446 825 579 877 nequeam
592 809 721 862 lacrimas
734 810 860 877 perterre
872 811 1012 878 parentis3

216 896 257 948 At
269 900 308 962 tu,
323 911 381 963 oro,
396 894 484 949 solare
497 896 618 966 inopem,
633 901 662 948 et
677 913 807 951 succurre
820 897 941 952 relictae.

216 982 295 1036 Hanc
308 982 367 1035 sine
380 999 424 1036 me
437 999 514 1052 spem
527 983 600 1037 ferre
613 983 669 1036 tui:
692 984 840 1039 audentior
851 986 899 1039 ibo

215 1069 249 1122 In
263 1086 340 1123 ouans
354 1069 471 1123 omnis.’'
508 1069 641 1124 Percussa
654 1078 748 1125 mente
761 1073 862 1127 dedere

215 1157 390 1211 Dardanidae
403 1157 548 1224 lacrimas3
571 1164 635 1212 ante
648 1159 738 1213 omnis
750 1160 866 1229 pulcher
877 1161 960 1228 Iulus,

215 1247 309 1314 Atque
323 1245 444 1298 animum
457 1245 564 1313 patriae
579 1246 692 1300 strinxit
705 1249 817 1316 pietatis
829 1249 929 1317 imago.

215 1333 285 1386 Tum
297 1333 336 1386 sie
349 1333 465 1388 effatur:

217 1424 233 1450 ‘⁶
244 1419 355 1489 Sponde
368 1420 453 1489 digna
464 1422 520 1475 tuis
533 1424 692 1492 ingentibus
705 1426 799 1479 omnia
811 1425 926 1493 coeptis.

214 1508 342 1578 Namque
354 1509 408 1562 erit
422 1510 475 1564 ista
487 1513 556 1566 mihi
569 1514 703 1582 genetrix,
718 1530 873 1583 nomenque
885 1513 1005 1567 Creusae

215 1594 309 1649 Solum
323 1594 451 1666 defuerit,
468 1614 520 1653 nec
534 1606 646 1668 partum
659 1601 748 1669 gratia
760 1601 841 1655 talem

213 1682 304 1737 Parva
317 1693 418 1739 menet.
458 1687 543 1741 (lasus
556 1689 662 1742 iactum
675 1690 840 1757 quicumque
854 1692 1009 1756 sequentur,

213 1770 268 1823 Per
281 1776 363 1839 eaput
377 1772 430 1826 hoo
443 1774 512 1843 iuro,
529 1792 579 1843 per
593 1775 665 1844 quod
678 1782 757 1844 peter
769 1782 834 1830 ante
849 1774 970 1828 solebat:

215 1858 292 1923 Quae
305 1858 355 1911 tibi
370 1859 501 1928 polliceor
514 1863 609 1916 reduci
622 1863 757 1932 rebusque
769 1862 906 1930 secundis,

214 1947 291 2004 Haeo
303 1951 400 2005 eadem
415 1951 553 2021 matrique
567 1956 631 2004 tuae
645 1952 794 2020 generique
807 1949 985 2004 manebunt.'’

214 2035 259 2090 Sic
272 2038 310 2091 eit
323 2039 500 2093 inlacrimans
512 2058 518 2105 ;
540 2056 637 2092 umero
651 2039 732 2092 simul
745 2039 822 2092 exuit
835 2054 935 2105 ensem,

213 2123 358 2196 Auratum,
374 2128 444 2181 mira
453 2144 533 2196 quem
548 2127 654 2181 fecerat
667 2132 726 2180 arte
738 2126 849 2193 Lycaon

213 2214 330 2272 Gnosius
343 2223 424 2289 atque
437 2219 558 2274 habilem
573 2217 672 2285 vagina
684 2219 792 2283 aptarat
805 2213 917 2266 eburna.

211 2302 268 2358 Dat
281 2305 350 2360 Niso
363 2307 523 2362 Mnestheus
536 2305 636 2376 pellem
650 2301 845 2369 horrentisque
856 2299 945 2354 leonis

212 2388 349 2460 Exuvias3
370 2395 475 2460 galeam
488 2395 561 2448 fidus
574 2395 715 2462 permutat
728 2388 832 2442 Aletes.

211 2475 343 2532 Protinus
356 2484 452 2535 armati
467 2482 616 2547 incedunt;
638 2494 708 2548 quos
721 2476 811 2530 omnis
823 2474 914 2528 euntis

212 2563 366 2620 Primorum
380 2585 477 2623 manus
490 2569 522 2623 ad
537 2575 640 2636 portas,
655 2567 841 2631 iuvenumque
854 2577 1010 2629 senumque,

212 2649 390 2722 Prosequitur
403 2657 481 2710 votis.
520 2654 649 2710 Necnon
664 2662 692 2708 et
704 2651 820 2721 pulcher
832 2649 917 2713 Iulus,

212 2739 287 2792 Ante
300 2757 386 2795 annos
399 2744 574 2811 animumque
587 2759 685 2810 gerens
698 2753 847 2807 curamque
860 2735 975 2803 virilem,

210 2823 300 2881 Multa
311 2830 383 2897 patri
396 2830 525 2884 mandata
537 2829 622 2884 dabat
635 2827 781 2898 portanda.
820 2823 874 2878 Sed
888 2837 971 2876 aurae

211 2913 311 2968 Omnia
324 2916 490 2986 discerpunt,
507 2921 535 2970 et
548 2917 667 2970 nubibus
680 2915 766 2968 inrita
778 2913 893 2966 donant.

245 3002 353 3070 Egressi
367 3008 497 3072 superant
510 3003 606 3070 fossas,
623 3003 767 3071 noctisque
781 3017 831 3069 per
845 2998 969 3053 umbram

210 3088 308 3144 Oestra
319 3091 431 3145 inimica
443 3095 548 3159 petunt,
564 3090 658 3144 multis
671 3095 765 3142 tamen
779 3093 844 3142 ante
857 3085 945 3140 futuri

209 3175 310 3229 Exitio.
347 3178 451 3232 Passim
466 3195 563 3232 somno
577 3178 696 3246 vinoque
709 3191 759 3244 per
771 3174 885 3229 herbam

210 3262 334 3331 Corpora
346 3265 409 3318 fuse
422 3265 524 3332 vident,
540 3272 662 3318 arrectos
674 3264 756 3317 litore
769 3278 873 3325 ourrnn,

209 3349 287 3402 Inter
298 3348 359 3403 lora
371 3357 500 3420 rotasque
513 3352 594 3416 viros,
609 3351 691 3403 simul
704 3366 780 3403 arma
792 3349 891 3413 iacere,

209 3435 285 3488 Vina
298 3435 387 3489 simul.
424 3437 506 3490 Prior
518 3437 683 3504 Hyrtacides
696 3437 734 3490 sic
748 3452 795 3488 ore
808 3434 931 3488 locutus:

211 3525 227 3549 “
238 3521 365 3589 Euryale,
380 3523 534 3577 audendum
548 3523 661 3589 dextra;
683 3539 755 3575 nunc
769 3523 828 3589 ipsa
841 3526 923 3573 vocat
934 3535 988 3572 res.
