2730 3936
532 233 671 284 vuuouu
693 232 858 284 susumus
879 233 914 285 ΙΙ.

216 397 352 466 Raptores
364 401 424 450 atre
433 395 463 448 in
475 394 581 461 nebula,
596 410 664 462 quos
676 394 804 462 improba
814 394 921 447 ventris

215 484 316 552 Exegit
328 499 423 537 caecos
435 481 532 550 rabies,
547 481 685 549 catulique
697 481 787 535 relicti

215 570 350 624 Faucibus
363 573 526 637 exspectant
539 568 624 637 siccis,
639 585 688 636 per
700 569 764 636 tela,
777 585 828 637 per
839 568 926 623 hostis

216 658 351 711 Vadimus
363 657 438 710 haud
449 656 561 709 dubiam
574 656 603 708 in
613 660 738 724 mortem,
753 655 913 725 mediaeque
925 663 1051 711 tenemus

217 744 299 798 Urbis
311 745 377 811 iter3
399 760 454 796 nox
464 748 524 796 atra
537 759 604 796 cava
616 742 797 797 circumvolat
808 744 914 797 umbra.

217 832 285 897 Quis
298 830 402 885 cladem
415 830 488 883 illiue
500 830 597 897 noctis,
613 831 674 898 quis
686 831 786 884 funera
797 831 881 884 fundo

217 919 350 988 Explicet,
366 923 413 971 aut
426 918 513 987 possit
524 917 645 971 lacrimis
658 934 775 986 sequare
787 917 913 971 laboresl

218 1006 290 1060 Urbs
303 1006 417 1074 antiqua
428 1005 492 1072 ruit,
507 1004 611 1057 multos
622 1004 765 1058 dominata
777 1021 826 1073 per
839 1020 942 1074 anuos;

217 1093 340 1146 Plurima
350 1109 455 1161 perque
466 1091 525 1145 vias
537 1096 698 1145 sternuntur
710 1093 810 1145 inertis
823 1093 922 1160 passim

218 1182 343 1248 Corpora
356 1197 458 1249 perque
471 1179 568 1232 domos
581 1187 607 1232 et
620 1179 747 1247 religiosa
758 1179 873 1232 deorum

217 1269 333 1322 Limina.
370 1266 429 1320 Nec
443 1266 494 1320 soli
506 1283 609 1335 poenas
621 1265 689 1319 dant
698 1267 830 1333 sauguine
843 1266 955 1332 Teucri3

218 1355 363 1420 Quondam
376 1355 460 1407 etiam
474 1354 553 1406 victis
566 1353 637 1406 redit
649 1353 677 1404 in
690 1353 853 1421 praecordia
863 1355 952 1408 virtus

218 1442 401 1510 Victoresque
415 1440 517 1495 cadunt
528 1441 626 1493 Danai.
666 1440 793 1493 Crudelis
804 1441 906 1508 ubique

218 1530 328 1596 Luctus,
342 1529 443 1597 ubique
455 1545 549 1597 pavor,
564 1533 591 1581 et·
604 1528 721 1596 plurima
729 1527 826 1582 mortis
838 1528 938 1596 imago.

254 1616 363 1668 Primus
375 1632 405 1668 se
417 1616 552 1682 Danaum,
568 1633 666 1684 magna
678 1617 829 1670 comitante
842 1623 962 1680 caterva.

218 1703 382 1770 Androgeos
395 1702 477 1755 offert
486 1702 573 1770 nobis,
588 1703 662 1756 socia
674 1704 784 1771 agmina
795 1703 909 1756 credens

218 1792 331 1860 luscius,
342 1797 424 1860 atque
438 1792 510 1844 ultro
523 1791 615 1844 verbis
627 1792 775 1860 compellat
787 1793 896 1847 amieis:

220 1880 391 1947 “Festinatq
407 1880 465 1933 viri.
503 1880 530 1934 N
532 1898 576 1934 am
590 1898 660 1950 quae
672 1886 730 1934 tam
743 1896 804 1933 sera
817 1885 940 1933 moratur

219 1967 371 2035 Segnitiesi
392 1967 437 2021 ulii
449 1969 561 2046 rapiunt
573 1969 687 2022 incensu
698 1969 846 2036 feruntque

219 2060 369 2130 Pergama;
389 2081 440 2117 vos
449 2062 527 2117 celsis
539 2079 613 2115 nunc
625 2062 744 2131 primum
758 2077 774 2114 a
786 2059 901 2114 navibus
913 2058 988 2114 itis.”

218 2148 304 2218 Dixit,
318 2155 347 2204 et
359 2152 505 2220 extemplo,
519 2168 609 2220 neque
622 2155 695 2205 enim
708 2167 839 2219 responsu
851 2149 988 2204 dabantur

218 2235 288 2291 Fida
300 2239 373 2304 satis,
388 2240 474 2292 sensit
486 2239 592 2292 medios
604 2238 731 2307 delapsus
742 2239 772 2290 in
784 2238 880 2291 hostis.

219 2324 367 2393 Obstipuit,
383 2334 511 2402 retroque
524 2325 620 2394 pedem
634 2343 696 2380 cum
709 2343 776 2380 voce
788 2325 926 2394 repressit.

217 2410 403 2480 Improvisum
415 2414 503 2481 aspris
514 2414 600 2467 veluti
614 2414 659 2482 qui
673 2414 795 2467 sentibus
808 2429 924 2481 anguem

218 2497 323 2552 Pressit
335 2499 410 2552 humi
425 2501 523 2567 nitens,
538 2501 716 2569 trepidusque
728 2506 840 2570 repente
854 2501 958 2568 resurgit

220 2585 402 2639 Attollentem
417 2587 472 2640 irus
485 2594 513 2641 et
525 2588 633 2642 caerula
643 2588 713 2642 colla
725 2593 878 2642 tumentem
890 2607 896 2646 :

219 2671 301 2726 Haud
313 2690 390 2726 secus
403 2673 567 2742 Androgeos
581 2676 640 2728 visu
653 2677 830 2730 tremefactus
843 2675 944 2729 ebibat.

218 2758 365 2829 Inruimus,
380 2761 470 2814 denus
483 2767 511 2815 et
524 2762 772 2816 circumfundimur
784 2763 874 2830 armis,

217 2846 384 2916 Ignarosque
397 2847 448 2901 loci
463 2850 565 2917 passim
578 2854 606 2903 et
617 2850 766 2903 formidine
779 2855 874 2918 captos

218 2933 379 2988 Stemimus.
416 2937 530 3004 Aspirat
542 2937 632 3004 primo
644 2938 756 2991 fortuna
768 2937 863 2990 labori.

219 3021 312 3090 Atque
326 3023 370 3075 hic
383 3040 508 3077 successu
521 3024 660 3078 exsultans
672 3025 824 3093 animisque
837 3023 978 3077 Coroebus

220 3107 270 3160 “0
284 3110 358 3177 socii,
371 3127 424 3178 qua
437 3111 525 3178 primu
536 3111 552 3137 '²
562 3111 651 3178 inquit
666 3116 681 3139 ‘⁵
690 3112 801 3164 fortuna
814 3111 909 3164 salutis

218 3192 355 3248 Monstrat
366 3197 427 3264 iter,
442 3213 549 3265 quaque
563 3197 683 3250 ostendit
696 3215 724 3251 se
737 3198 842 3258 dextra,
854 3214 1014 3266 sequaururr

221 3279 357 3334 Mutemus
370 3282 478 3350 clipeos,
493 3283 674 3351 Danaumque
686 3285 805 3352 insignia
818 3285 899 3338 nobis

220 3368 242 3419 A
247 3374 363 3436 ptumus.
401 3368 488 3422 Dolus
500 3387 535 3422 an
546 3371 641 3436 virtus,
657 3372 717 3438 quis
729 3373 758 3423 in
772 3372 851 3425 hoste
863 3372 1003 3440 requiratt

220 3454 306 3507 Arma
318 3455 422 3507 dubunt
435 3455 514 3522 ipsi.‘'
551 3456 595 3509 Sic
607 3458 689 3524 fatris,
704 3457 802 3511 deinde
815 3463 969 3512 comantem

219 3540 360 3609 Androgei
372 3541 476 3608 galeam
490 3541 624 3611 clipeique
635 3543 740 3610 insigne
753 3544 882 3597 decorum
