2656 3940
417 241 555 292 vccclcr
577 243 742 294 AENEIDOS
764 245 807 296 XI.

101 402 208 472 Cetera,
224 420 279 472 qua
291 403 373 472 iusso,
388 421 497 458 mecum
508 422 607 459 manus
618 405 722 461 inferat
735 407 838 461 arma.”

100 490 181 544 Ilicet
192 492 222 544 iu
234 508 329 544 muros
340 497 402 546 tota
413 491 576 546 discurritur
587 494 663 547 urbe.

101 577 258 632 Concilium
270 579 329 647 ipse
341 584 421 648 pater
433 589 461 633 et
473 596 574 648 magna
586 581 697 650 incepta
709 581 823 636 Latinus

99 665 213 719 Deserit
225 683 257 720 ac
269 666 342 719 tristi
355 667 484 720 turbatus
496 675 622 736 tempore
635 668 736 737 differt,

99 752 245 822 Multaque
258 770 287 806 se
299 754 415 820 incusat,
430 755 477 822 qui
490 771 547 808 non
560 757 699 824 acceperit
711 757 785 811 ultro

99 839 272 894 Dardanium
285 839 409 908 Aenean,
424 857 611 910 generumque
624 845 753 898 asciverit
766 846 837 899 urbi.

99 927 285 980 Praefodiunt
296 927 341 980 alii
354 934 454 995 portas,
468 935 517 983 aut
530 946 596 984 saxa
608 931 742 1001 sudesque

98 1014 280 1068 Subvectant.
319 1013 397 1068 Bello
410 1015 459 1069 dat
471 1016 579 1083 signum
593 1035 675 1072 rauca
688 1026 831 1073 cruentum

97 1101 218 1155 Bucina.
255 1100 322 1154 Tum
336 1118 430 1154 muros
443 1104 517 1156 varia
530 1104 641 1158 cinxere
654 1122 756 1160 corona

97 1187 245 1242 Matronae
257 1188 404 1257 puerique:
425 1196 507 1244 vocat
518 1190 596 1245 labor
609 1192 722 1246 ultimus
734 1194 833 1248 omnis.

97 1275 159 1329 Nec
171 1292 231 1329 non
242 1275 277 1329 ad
290 1276 422 1344 templum
436 1293 608 1348 summasque
621 1280 656 1333 ad
669 1280 788 1334 Palladis
801 1298 878 1336 arces

96 1362 269 1416 Subvehitur
282 1379 381 1430 magna
393 1370 510 1418 matrum
526 1366 618 1433 regina
633 1373 750 1434 caterva,

98 1449 181 1503 Dona
193 1450 293 1517 ferens,
309 1449 437 1519 iuxtaque
452 1468 544 1506 comes
556 1453 670 1508 Lavinia
682 1455 770 1524 virgo,

99 1538 191 1591 Causa
202 1536 270 1590 mali
284 1537 362 1605 tanti,
379 1537 472 1592 oculos
485 1540 591 1594 deiecta
603 1541 726 1596 decoros.

99 1624 260 1678 Succedunt
273 1630 381 1694 matres,
397 1632 425 1679 et
437 1627 573 1695 templum
587 1635 650 1683 ture
663 1637 805 1701 vaporant,

95 1712 133 1766 Et
146 1717 268 1766 maestas
280 1711 337 1765 alto
348 1712 470 1767 fundunt
483 1714 517 1768 de
529 1716 624 1770 limine
636 1733 732 1771 voces:

97 1803 114 1830 “
122 1801 313 1870 Armipotens,
328 1817 438 1869 praeses
449 1801 522 1869 belli,
538 1803 662 1858 Tritonia
675 1808 761 1874 virgo,

94 1887 205 1957 Frange
217 1905 302 1942 manu
314 1888 400 1942 telum
412 1888 528 1958 Phrygii
541 1891 694 1959 praedonis,
709 1899 738 1947 et
749 1893 839 1962 ipsum

95 1975 222 2029 Pronum
236 1985 327 2029 sterne
340 1976 405 2043 solo,
420 1978 562 2046 portisque
574 1979 685 2033 effunde
697 1981 747 2033 sub
760 1981 849 2035 altis.”

96 2063 228 2132 Cingitur
240 2063 300 2132 ipse
313 2064 407 2117 furens
419 2065 544 2118 certatim
558 2066 587 2118 in
600 2066 704 2134 proelia
716 2067 831 2123 Turnus.

93 2150 210 2221 Iamque
223 2150 293 2204 adeo
305 2150 438 2205 Rutulum
451 2151 567 2206 thoraca
577 2153 691 2207 indutus
704 2156 780 2208 aenis

94 2241 236 2295 Horrebat
250 2241 376 2310 squamis,
392 2257 522 2310 surasque
533 2241 683 2296 incluserat
695 2258 771 2311 aure,

94 2329 234 2398 Tempora
246 2328 335 2382 nudus
347 2328 444 2395 adhuc,
459 2328 593 2398 laterique
606 2330 762 2384 accinxerat
775 2347 877 2401 ensem,

93 2416 288 2487 Fulgebatque
301 2418 357 2472 alta
369 2418 517 2472 decurrens
530 2434 630 2472 aureus
642 2435 712 2487 arce,

92 2504 279 2574 Exsultatque
292 2505 398 2574 animis,
412 2513 440 2560 et
453 2523 501 2575 spe
513 2507 569 2561 iam
582 2504 717 2573 praecipit
728 2506 853 2562 hostem:

93 2591 190 2658 Qualis
203 2593 252 2646 ubi
266 2593 389 2662 abruptis
401 2594 473 2662 fugit
486 2593 645 2662 praesaepia
658 2593 755 2647 vinclis

91 2679 218 2735 Tandem
230 2680 300 2734 liber
312 2698 405 2750 equus,
420 2699 571 2752 campoque
584 2685 692 2752 potitus
704 2689 801 2752 aperto

92 2769 152 2822 Aut
164 2767 213 2822 ille
226 2768 255 2821 in
267 2776 361 2837 pastus
373 2776 551 2840 armentaque
563 2772 654 2824 tendit
666 2788 807 2840 equarum,

91 2857 159 2923 Aut,
174 2855 307 2909 adsuetus
319 2873 406 2926 aquae
418 2857 545 2925 perfundi
557 2858 670 2912 flumine
683 2864 758 2926 uoto,

91 2942 210 3010 Emicat,
225 2945 393 3014 arrectisque
405 2945 499 2998 fremit
512 2947 665 3000 cervicibus
678 2946 732 3001 alte

91 3030 257 3099 Luxuriaus,
271 3031 424 3100 luduntque
436 3032 518 3086 iubae
530 3050 580 3100 per
593 3032 670 3100 colla,
685 3050 734 3102 per
747 3049 846 3088 armos.

74 3103 91 3154 Ι
93 3118 184 3173 Obvia
197 3118 249 3183 cui,
265 3117 433 3173 Volscorum
448 3120 505 3173 acie
519 3119 677 3187 comitante,
693 3119 808 3174 Camilla

92 3207 229 3272 Occurrit,
243 3207 386 3274 portisque
399 3206 434 3259 ab
446 3222 516 3274 equo
529 3207 624 3274 regina
636 3208 685 3259 sub
698 3207 766 3274 ipsis

92 3293 220 3362 Desiluit,
236 3310 318 3362 quam
331 3299 393 3347 tota
405 3293 505 3346 cohors
516 3293 626 3346 imitata
638 3293 742 3348 relictis

93 3382 135 3434 Ad
149 3389 252 3435 terram
266 3380 384 3434 defluxit
397 3381 489 3448 equis;
510 3385 569 3433 tum
582 3379 649 3433 talia
661 3381 753 3435 fatur:

92 3471 109 3498 “
118 3468 217 3537 Turne,
234 3469 275 3522 sui
288 3468 392 3521 merito
405 3467 427 3520 si
441 3484 495 3536 qua
507 3473 549 3521 est
561 3467 661 3521 fiducia
672 3468 749 3535 forti,

91 3557 188 3611 Audeo
201 3563 230 3611 et
244 3555 410 3610 Aeneadum
423 3556 556 3624 promitto
569 3571 714 3608 occurrere
727 3561 836 3612 turmae
