2734 3936
500 190 636 243 VERGILI
660 191 848 241 GEORGIGON
872 190 917 242 111.

196 357 340 427 instrepat,
355 364 383 411 et
394 357 505 410 iunctos
517 361 592 409 temo
606 354 698 408 trahat
710 370 807 407 aereus
819 353 901 407 orbis.

194 445 303 499 Interea
314 445 381 514 pubi
394 444 547 497 indomitae
560 459 615 496 non
629 442 753 510 gramina
765 447 882 508 tentum,

194 533 253 586 Nec
265 549 359 586 vescas
372 532 485 586 salicum
499 531 612 584 frondes
625 529 771 597 ulvamque
783 528 944 597 palustrem,

195 621 249 674 Sed
261 621 400 673 frumenta
411 636 495 672 manu
508 635 603 686 carpes
616 622 689 684 sata3
710 633 761 670 nee
774 615 826 669 tibi
837 616 921 682 fetae,

194 708 272 761 More
284 713 402 776 patrum,
416 707 498 760 nivea
510 705 665 774 implebunt
677 703 837 758 mulctraria
848 719 955 770 vaccae,

195 795 248 848 Sed
260 800 321 848 tota
332 796 360 847 in
375 793 462 847 dulcis
475 798 639 846 consument
650 792 737 844 ubera
749 797 835 843 natos.

230 883 279 936 Sin
292 883 326 936 ad
339 882 411 935 bella
422 881 510 950 magis
522 880 645 933 studium
658 887 817 946 turmaeque
829 877 939 946 ferocis,

194 971 253 1024 Aut
266 971 376 1039 Alphea
388 970 456 1023 rotis
468 967 591 1037 praelabi
603 967 716 1019 flumina
728 966 815 1033 Pisae,

194 1059 231 1113 Et
245 1059 318 1112 lovis
330 1059 358 1111 in
372 1057 434 1111 luco
448 1049 660 1123 currus'agitare
674 1053 806 1107 volantis:

194 1147 303 1200 Primus
316 1145 379 1214 equi
390 1144 469 1198 labor
482 1148 530 1211 est,
545 1143 650 1196 animos
663 1147 744 1209 atque
757 1156 834 1194 arma
847 1139 939 1194 videre

194 1232 361 1298 Bellantum‚
376 1231 512 1299 lituosque
525 1229 591 1297 pati,
606 1234 751 1295 tractuque
763 1231 919 1294 gementem

194 1320 279 1372 Ferre
292 1322 390 1385 rotam,
404 1323 431 1371 et
444 1317 552 1371 stabulo
565 1317 657 1369 frenos
670 1314 764 1368 audire
777 1314 915 1379 sonantis3

195 1407 265 1459 Tum
278 1406 365 1473 magis
374 1409 456 1472 atque
468 1405 556 1471 magis
568 1403 676 1456 blandis
690 1400 808 1469 gaudere
821 1400 945 1468 magistri

195 1492 342 1558 Laudibus,
357 1497 386 1544 et
398 1491 509 1560 plausae
522 1491 642 1544 sonitum
655 1488 769 1543 cervicis
781 1503 882 1542 amare.

195 1581 288 1648 Atque
300 1580 368 1632 haec
381 1580 435 1632 iam
448 1579 538 1646 primo
550 1577 679 1645 depulsus
692 1577 725 1630 ab
740 1576 824 1630 ubero
835 1575 931 1630 matris

195 1667 313 1734 Audeat,
328 1668 411 1734 inque
423 1667 510 1719 vicem
525 1665 572 1719 det
584 1664 712 1718 mollibus
725 1680 774 1716 ora
786 1662 911 1730 capistris

195 1755 337 1809 invalidus
350 1755 486 1822 etiamque
499 1761 627 1820 tremens,
643 1755 726 1806 etiam
737 1751 839 1805 inscius
851 1750 920 1805 aevi.

195 1844 235 1895 At
247 1842 336 1895 tribus
348 1842 451 1895 exactis
463 1840 509 1893 ubi
524 1845 622 1909 quarta
634 1840 770 1908 acceperit
783 1844 878 1905 aestas,

196 1930 315 1997 Oarpere
327 1946 392 1982 mox
404 1944 502 1995 gyrum
515 1928 630 1996 incipiat
642 1927 825 1996 gradibusque
838 1945 936 1984 sonare

196 2017 370 2084 Compositis,
385 2015 527 2083 sinuetque
539 2015 645 2068 alterna
658 2013 798 2068 volumina
810 2032 928 2083 crurum,

196 2104 290 2172 Sitque
302 2103 440 2157 laboranti
453 2102 563 2168 similis;
583 2109 644 2156 tum
657 2103 781 2156 cursibus
794 2119 874 2156 auras

195 2191 339 2255 Provocet,
355 2207 386 2243 ac
398 2206 448 2258 per
460 2194 556 2258 aperta
570 2190 671 2256 volans,
686 2207 737 2243 ceu
748 2191 819 2244 liber
832 2190 954 2254 habenis,

195 2279 327 2346 Aequora
340 2278 385 2330 vix
399 2294 507 2331 summa
519 2278 634 2346 vestigia
646 2284 732 2347 ponat
744 2278 862 2345 harena;

195 2365 290 2430 Qualis
303 2365 491 2432 Hyperboreis
505 2365 606 2433 Aquilo
620 2382 683 2418 oum
695 2365 796 2418 densus
808 2365 843 2419 ab
856 2364 912 2418 oris

195 2451 330 2519 Incubuit,
346 2451 528 2520 Scythiaeque
541 2452 646 2505 hiemes
658 2457 741 2521 atque
754 2451 831 2506 arida
842 2451 936 2506 differt

196 2538 314 2592 Nubila:
336 2544 395 2591 tum
409 2545 515 2607 segetes
528 2539 599 2594 altae
612 2541 755 2609 campique
767 2545 894 2594 natantes

194 2626 313 2678 Lenibus
325 2626 491 2680 horrescunt
503 2627 603 2691 flabris,
619 2643 794 2695 summaeque
807 2643 935 2680 sonorem

194 2713 269 2766 Dant
282 2712 366 2766 silvae
379 2713 508 2781 longique
521 2717 618 2780 urgent
632 2713 666 2766 ad
679 2714 762 2767 litora
774 2713 888 2778 fluctus3

194 2800 243 2853 llle
256 2801 339 2868 volat,
354 2800 434 2853 simul
447 2817 513 2853 arva
524 2800 596 2868 fuga,
612 2801 691 2854 simul
705 2818 825 2869 aequora
837 2818 957 2855 verrens.

195 2887 247 2940 Hic
260 2888 302 2940 vel
315 2888 350 2941 ad
363 2887 422 2941 Elei
435 2893 522 2942 metas
534 2893 562 2940 et
573 2889 694 2941 maxima
706 2889 795 2956 campi

195 2976 311 3028 Sudabit
323 2976 419 3044 spatia,
434 2982 461 3028 et
473 2992 584 3043 spumas
597 2982 660 3044 aget
673 2993 721 3030 ore
734 2982 868 3044 cruentas,

195 3062 306 3130 Belgica
318 3062 362 3116 vel
375 3062 452 3116 molli
464 3063 563 3116 melius
575 3063 646 3117 feret
658 3063 754 3118 esseda
766 3063 845 3118 collo.

195 3149 263 3202 Tum
277 3151 387 3204 demum
400 3167 490 3204 crassa
501 3167 631 3218 magnum
644 3152 782 3219 farragine
795 3168 895 3220 corpus

195 3237 324 3291 Crescere
336 3239 391 3291 iam
405 3237 517 3291 domitis
530 3238 627 3292 sinito:
647 3255 766 3308 namque
779 3245 843 3292 ante
856 3238 1023 3293 domandum

195 3324 317 3393 Ingentis
329 3324 429 3378 tollent
442 3325 554 3391 animos,
570 3327 717 3394 prensique
729 3327 871 3393 negabunt

196 3409 321 3466 Verbera
332 3411 409 3464 lenta
421 3412 478 3478 pati
492 3417 520 3464 et
532 3411 607 3464 duris
621 3429 715 3479 parere
727 3413 837 3480 lupatis.

230 3498 284 3552 Sed
297 3515 354 3551 non
366 3498 422 3550 ulla
433 3498 520 3566 magis
534 3499 599 3551 viris
611 3500 746 3554 industria
757 3501 857 3565 firmat,
