<?xml version="1.0" encoding="UTF-8"?>
<!DOCTYPE html PUBLIC "-//W3C//DTD XHTML 1.0 Transitional//EN"
    "http://www.w3.org/TR/xhtml1/DTD/xhtml1-transitional.dtd">
<html xmlns="http://www.w3.org/1999/xhtml" xml:lang="en" lang="en">
 <head>
  <title>
</title>
<meta http-equiv="Content-Type" content="text/html;charset=utf-8" />
  <meta name='ocr-system' content='tesseract 3.04.00' />
  <meta name='ocr-capabilities' content='ocr_page ocr_carea ocr_par ocr_line ocrx_word'/>
</head>
<body>
  <div class='ocr_page' id='page_1' title='image "./arevisedtextpoe00virggoog_0200.png"; bbox 0 0 2706 3938; ppageno 0'>
   <div class='ocr_carea' id='block_1_1' title="bbox 512 219 903 272">
    <p class='ocr_par' dir='ltr' id='par_1_1' title="bbox 512 219 903 272">
     <span class='ocr_line' id='line_1_1' title="bbox 512 219 903 272; baseline -0.01 0"><span class='ocrx_word' id='word_1_1' title='bbox 512 220 649 272; x_wconf 70' lang='lat' dir='ltr'>vultam</span> <span class='ocrx_word' id='word_1_2' title='bbox 672 219 837 270; x_wconf 72' lang='lat' dir='ltr'>sanamus</span> <span class='ocrx_word' id='word_1_3' title='bbox 859 219 903 269; x_wconf 88' lang='lat' dir='ltr'>IV.</span> 
     </span>
    </p>
   </div>
   <div class='ocr_carea' id='block_1_2' title="bbox 135 384 1022 3495">
    <p class='ocr_par' dir='ltr' id='par_1_2' title="bbox 196 384 781 455">
     <span class='ocr_line' id='line_1_2' title="bbox 196 384 781 455; baseline -0.012 -14"><span class='ocrx_word' id='word_1_4' title='bbox 196 386 317 441; x_wconf 84' lang='lat' dir='ltr'>Solando</span> <span class='ocrx_word' id='word_1_5' title='bbox 331 387 407 455; x_wconf 88' lang='lat' dir='ltr'>cupit</span> <span class='ocrx_word' id='word_1_6' title='bbox 420 391 448 439; x_wconf 90' lang='lat' dir='ltr'>et</span> <span class='ocrx_word' id='word_1_7' title='bbox 460 384 543 437; x_wconf 88' lang='lat' dir='ltr'>dictis</span> <span class='ocrx_word' id='word_1_8' title='bbox 556 387 681 437; x_wconf 85' lang='lat' dir='ltr'>avertere</span> <span class='ocrx_word' id='word_1_9' title='bbox 694 399 781 449; x_wconf 88' lang='lat' dir='ltr'>curas,</span> 
     </span>
    </p>

    <p class='ocr_par' dir='ltr' id='par_1_3' title="bbox 195 469 997 976">
     <span class='ocr_line' id='line_1_3' title="bbox 196 469 997 540; baseline -0.007 -12"><span class='ocrx_word' id='word_1_10' title='bbox 196 473 285 528; x_wconf 89' lang='lat' dir='ltr'>Multa</span> <span class='ocrx_word' id='word_1_11' title='bbox 297 489 410 540; x_wconf 87' lang='lat' dir='ltr'>gemeus</span> <span class='ocrx_word' id='word_1_12' title='bbox 422 487 578 540; x_wconf 83' lang='lat' dir='ltr'>magnoque</span> <span class='ocrx_word' id='word_1_13' title='bbox 592 470 714 524; x_wconf 90' lang='lat' dir='ltr'>animum</span> <span class='ocrx_word' id='word_1_14' title='bbox 727 469 882 523; x_wconf 82' lang='lat' dir='ltr'>labefactus</span> <span class='ocrx_word' id='word_1_15' title='bbox 894 485 997 535; x_wconf 85' lang='lat' dir='ltr'><strong>amore,</strong></span> 
     </span>
     <span class='ocr_line' id='line_1_4' title="bbox 195 555 964 626; baseline -0.008 -12"><span class='ocrx_word' id='word_1_16' title='bbox 195 561 273 614; x_wconf 85' lang='lat' dir='ltr'>Iussa</span> <span class='ocrx_word' id='word_1_17' title='bbox 284 566 377 614; x_wconf 89' lang='lat' dir='ltr'>tamen</span> <span class='ocrx_word' id='word_1_18' title='bbox 391 559 483 613; x_wconf 91' lang='lat' dir='ltr'>divom</span> <span class='ocrx_word' id='word_1_19' title='bbox 498 558 665 626; x_wconf 79' lang='lat' dir='ltr'>exsequitur,</span> <span class='ocrx_word' id='word_1_20' title='bbox 681 557 849 625; x_wconf 89' lang='lat' dir='ltr'>classemque</span> <span class='ocrx_word' id='word_1_21' title='bbox 861 555 964 609; x_wconf 90' lang='lat' dir='ltr'>revisit.</span> 
     </span>
     <span class='ocr_line' id='line_1_5' title="bbox 195 642 866 700; baseline -0.006 0"><span class='ocrx_word' id='word_1_22' title='bbox 195 648 265 700; x_wconf 92' lang='lat' dir='ltr'>Tum</span> <span class='ocrx_word' id='word_1_23' title='bbox 279 664 345 700; x_wconf 88' lang='lat' dir='ltr'>vero</span> <span class='ocrx_word' id='word_1_24' title='bbox 357 646 454 700; x_wconf 76' lang='lat' dir='ltr'>&#39;l&#39;cucri</span> <span class='ocrx_word' id='word_1_25' title='bbox 467 645 631 699; x_wconf 91' lang='lat' dir='ltr'>incumbunt</span> <span class='ocrx_word' id='word_1_26' title='bbox 644 649 673 698; x_wconf 90' lang='lat' dir='ltr'>et</span> <span class='ocrx_word' id='word_1_27' title='bbox 683 644 766 697; x_wconf 91' lang='lat' dir='ltr'>litore</span> <span class='ocrx_word' id='word_1_28' title='bbox 779 642 866 697; x_wconf 90' lang='lat' dir='ltr'>celsas</span> 
     </span>
     <span class='ocr_line' id='line_1_6' title="bbox 195 730 854 797; baseline -0.006 -9"><span class='ocrx_word' id='word_1_29' title='bbox 195 735 344 789; x_wconf 88' lang='lat' dir='ltr'>Deducunt</span> <span class='ocrx_word' id='word_1_30' title='bbox 357 740 417 787; x_wconf 90' lang='lat' dir='ltr'>toto</span> <span class='ocrx_word' id='word_1_31' title='bbox 430 733 516 785; x_wconf 90' lang='lat' dir='ltr'>navis.</span> <span class='ocrx_word' id='word_1_32' title='bbox 554 730 641 785; x_wconf 83' lang='lat' dir='ltr'>Natat</span> <span class='ocrx_word' id='word_1_33' title='bbox 654 737 738 786; x_wconf 85' lang='lat' dir='ltr'>uncta</span> <span class='ocrx_word' id='word_1_34' title='bbox 751 730 854 797; x_wconf 85' lang='lat' dir='ltr'><strong>carina,</strong></span> 
     </span>
     <span class='ocr_line' id='line_1_7' title="bbox 195 817 866 889; baseline -0.007 -14"><span class='ocrx_word' id='word_1_35' title='bbox 195 821 414 889; x_wconf 88' lang='lat' dir='ltr'>Frondentisque</span> <span class='ocrx_word' id='word_1_36' title='bbox 427 821 522 872; x_wconf 83' lang='lat' dir='ltr'>icrunt</span> <span class='ocrx_word' id='word_1_37' title='bbox 535 835 625 872; x_wconf 90' lang='lat' dir='ltr'>remos</span> <span class='ocrx_word' id='word_1_38' title='bbox 637 830 665 872; x_wconf 83' lang='lat' dir='ltr'>et</span> <span class='ocrx_word' id='word_1_39' title='bbox 677 818 778 872; x_wconf 87' lang='lat' dir='ltr'><strong>robora</strong></span> <span class='ocrx_word' id='word_1_40' title='bbox 790 817 866 871; x_wconf 87' lang='lat' dir='ltr'>silvis</span> 
     </span>
     <span class='ocr_line' id='line_1_8' title="bbox 195 904 579 976; baseline -0.01 -14"><span class='ocrx_word' id='word_1_41' title='bbox 195 909 371 976; x_wconf 84' lang='lat' dir='ltr'><strong>Infabricata,</strong></span> <span class='ocrx_word' id='word_1_42' title='bbox 384 909 468 975; x_wconf 77' lang='lat' dir='ltr'>fugae</span> <span class='ocrx_word' id='word_1_43' title='bbox 480 904 579 960; x_wconf 89' lang='lat' dir='ltr'>studio.</span> 
     </span>
    </p>

    <p class='ocr_par' dir='ltr' id='par_1_4' title="bbox 135 993 840 1064">
     <span class='ocr_line' id='line_1_9' title="bbox 135 993 840 1064; baseline -0.003 -15"><span class='ocrx_word' id='word_1_44' title='bbox 135 1060 137 1064; x_wconf 92' lang='lat'>.</span> <span class='ocrx_word' id='word_1_45' title='bbox 195 995 340 1064; x_wconf 72' lang='lat' dir='ltr'>Migrantis</span> <span class='ocrx_word' id='word_1_46' title='bbox 352 1011 455 1062; x_wconf 86' lang='lat' dir='ltr'>cernas,</span> <span class='ocrx_word' id='word_1_47' title='bbox 469 998 582 1063; x_wconf 86' lang='lat' dir='ltr'>totaque</span> <span class='ocrx_word' id='word_1_48' title='bbox 597 1009 631 1046; x_wconf 86' lang='lat' dir='ltr'>ex</span> <span class='ocrx_word' id='word_1_49' title='bbox 646 993 714 1047; x_wconf 89' lang='lat' dir='ltr'>urbe</span> <span class='ocrx_word' id='word_1_50' title='bbox 726 993 840 1047; x_wconf 90' lang='lat' dir='ltr'>ruentis.</span> 
     </span>
    </p>

    <p class='ocr_par' dir='ltr' id='par_1_5' title="bbox 194 1079 864 1150">
     <span class='ocr_line' id='line_1_10' title="bbox 194 1079 864 1150; baseline -0.006 -15"><span class='ocrx_word' id='word_1_51' title='bbox 194 1083 239 1136; x_wconf 92' lang='lat' dir='ltr'>Ac</span> <span class='ocrx_word' id='word_1_52' title='bbox 253 1082 328 1136; x_wconf 88' lang='lat' dir='ltr'>velut</span> <span class='ocrx_word' id='word_1_53' title='bbox 340 1082 482 1150; x_wconf 82' lang='lat' dir='ltr'>ingentem</span> <span class='ocrx_word' id='word_1_54' title='bbox 493 1080 623 1134; x_wconf 77' lang='lat' dir='ltr'><strong>formicae</strong></span> <span class='ocrx_word' id='word_1_55' title='bbox 638 1079 722 1133; x_wconf 80' lang='lat' dir='ltr'>farris</span> <span class='ocrx_word' id='word_1_56' title='bbox 736 1095 864 1133; x_wconf 88' lang='lat' dir='ltr'>acervum</span> 
     </span>
    </p>

    <p class='ocr_par' dir='ltr' id='par_1_6' title="bbox 195 1168 1004 1672">
     <span class='ocr_line' id='line_1_11' title="bbox 195 1168 1004 1238; baseline -0.002 -15"><span class='ocrx_word' id='word_1_57' title='bbox 195 1169 266 1223; x_wconf 82' lang='lat' dir='ltr'>(lum</span> <span class='ocrx_word' id='word_1_58' title='bbox 278 1169 421 1238; x_wconf 79' lang='lat' dir='ltr'>populant,</span> <span class='ocrx_word' id='word_1_59' title='bbox 436 1168 535 1220; x_wconf 89' lang='lat' dir='ltr'>hiemis</span> <span class='ocrx_word' id='word_1_60' title='bbox 547 1183 691 1234; x_wconf 83' lang='lat' dir='ltr'>memores,</span> <span class='ocrx_word' id='word_1_61' title='bbox 708 1171 836 1235; x_wconf 89' lang='lat' dir='ltr'>tectoque</span> <span class='ocrx_word' id='word_1_62' title='bbox 849 1171 1004 1234; x_wconf 87' lang='lat' dir='ltr'>reponunt:</span> 
     </span>
     <span class='ocr_line' id='line_1_12' title="bbox 195 1253 955 1324; baseline -0.004 -14"><span class='ocrx_word' id='word_1_63' title='bbox 195 1255 222 1310; x_wconf 92' lang='lat' dir='ltr'>It</span> <span class='ocrx_word' id='word_1_64' title='bbox 235 1257 342 1324; x_wconf 82' lang='lat' dir='ltr'>nigrum</span> <span class='ocrx_word' id='word_1_65' title='bbox 356 1255 461 1324; x_wconf 89' lang='lat' dir='ltr'>campis</span> <span class='ocrx_word' id='word_1_66' title='bbox 473 1271 578 1323; x_wconf 68' lang='lat' dir='ltr'>agmen</span> <span class='ocrx_word' id='word_1_67' title='bbox 594 1253 780 1323; x_wconf 79' lang='lat' dir='ltr'><strong>praedamque</strong></span> <span class='ocrx_word' id='word_1_68' title='bbox 794 1269 842 1321; x_wconf 85' lang='lat' dir='ltr'>per</span> <span class='ocrx_word' id='word_1_69' title='bbox 856 1253 955 1307; x_wconf 78' lang='lat' dir='ltr'>herbas</span> 
     </span>
     <span class='ocr_line' id='line_1_13' title="bbox 196 1340 942 1410; baseline -0.005 -13"><span class='ocrx_word' id='word_1_70' title='bbox 196 1344 368 1397; x_wconf 76' lang='lat' dir='ltr'>(lonvcctant</span> <span class='ocrx_word' id='word_1_71' title='bbox 380 1342 449 1396; x_wconf 87' lang='lat' dir='ltr'>calle</span> <span class='ocrx_word' id='word_1_72' title='bbox 462 1347 595 1410; x_wconf 74' lang='lat' dir='ltr'>angusto3</span> <span class='ocrx_word' id='word_1_73' title='bbox 618 1358 683 1410; x_wconf 90' lang='lat' dir='ltr'>pars</span> <span class='ocrx_word' id='word_1_74' title='bbox 696 1340 813 1410; x_wconf 80' lang='lat' dir='ltr'><strong>grandia</strong></span> <span class='ocrx_word' id='word_1_75' title='bbox 824 1341 942 1394; x_wconf 73' lang='lat' dir='ltr'>madunt</span> 
     </span>
     <span class='ocr_line' id='line_1_14' title="bbox 196 1421 929 1498; baseline -0.004 -15"><span class='ocrx_word' id='word_1_76' title='bbox 196 1431 321 1484; x_wconf 77' lang='lat' dir='ltr'>Obuixae</span> <span class='ocrx_word' id='word_1_77' title='bbox 332 1430 472 1483; x_wconf 84' lang='lat' dir='ltr'>frumenta</span> <span class='ocrx_word' id='word_1_78' title='bbox 484 1430 603 1495; x_wconf 81' lang='lat' dir='ltr'>umeris3</span> <span class='ocrx_word' id='word_1_79' title='bbox 625 1446 690 1498; x_wconf 90' lang='lat' dir='ltr'>pars</span> <span class='ocrx_word' id='word_1_80' title='bbox 704 1421 813 1496; x_wconf 79' lang='lat' dir='ltr'><strong>agmina</strong></span> <span class='ocrx_word' id='word_1_81' title='bbox 826 1434 929 1496; x_wconf 81' lang='lat' dir='ltr'>cogunt</span> 
     </span>
     <span class='ocr_line' id='line_1_15' title="bbox 195 1515 943 1586; baseline -0.004 -15"><span class='ocrx_word' id='word_1_82' title='bbox 195 1517 393 1586; x_wconf 83' lang='lat' dir='ltr'>Oastigautque</span> <span class='ocrx_word' id='word_1_83' title='bbox 405 1533 514 1583; x_wconf 79' lang='lat' dir='ltr'>moras3</span> <span class='ocrx_word' id='word_1_84' title='bbox 536 1533 619 1584; x_wconf 91' lang='lat' dir='ltr'>opere</span> <span class='ocrx_word' id='word_1_85' title='bbox 632 1517 722 1569; x_wconf 89' lang='lat' dir='ltr'>omnis</span> <span class='ocrx_word' id='word_1_86' title='bbox 736 1516 834 1568; x_wconf 85' lang='lat' dir='ltr'>semita</span> <span class='ocrx_word' id='word_1_87' title='bbox 846 1515 943 1569; x_wconf 88' lang='lat' dir='ltr'>fervet.</span> 
     </span>
     <span class='ocr_line' id='line_1_16' title="bbox 196 1603 837 1672; baseline -0.002 -15"><span class='ocrx_word' id='word_1_88' title='bbox 196 1604 264 1670; x_wconf 84' lang='lat' dir='ltr'>Quis</span> <span class='ocrx_word' id='word_1_89' title='bbox 276 1605 327 1658; x_wconf 91' lang='lat' dir='ltr'>tibi</span> <span class='ocrx_word' id='word_1_90' title='bbox 341 1610 408 1671; x_wconf 89' lang='lat' dir='ltr'>tum,</span> <span class='ocrx_word' id='word_1_91' title='bbox 422 1603 502 1672; x_wconf 90' lang='lat' dir='ltr'>Dido,</span> <span class='ocrx_word' id='word_1_92' title='bbox 518 1604 643 1657; x_wconf 88' lang='lat' dir='ltr'>cernenti</span> <span class='ocrx_word' id='word_1_93' title='bbox 657 1604 837 1670; x_wconf 79' lang='lat' dir='ltr'>tulissemus,</span> 
     </span>
    </p>

    <p class='ocr_par' dir='ltr' id='par_1_7' title="bbox 195 1689 959 2196">
     <span class='ocr_line' id='line_1_17' title="bbox 197 1689 905 1759; baseline -0.003 -15"><span class='ocrx_word' id='word_1_94' title='bbox 197 1689 306 1755; x_wconf 81' lang='lat' dir='ltr'>Quosve</span> <span class='ocrx_word' id='word_1_95' title='bbox 319 1691 404 1744; x_wconf 89' lang='lat' dir='ltr'>dabas</span> <span class='ocrx_word' id='word_1_96' title='bbox 416 1692 541 1759; x_wconf 78' lang='lat' dir='ltr'>gemitus,</span> <span class='ocrx_word' id='word_1_97' title='bbox 557 1708 619 1746; x_wconf 93' lang='lat' dir='ltr'>cum</span> <span class='ocrx_word' id='word_1_98' title='bbox 632 1691 715 1745; x_wconf 88' lang='lat' dir='ltr'>litora</span> <span class='ocrx_word' id='word_1_99' title='bbox 727 1691 837 1744; x_wconf 81' lang='lat' dir='ltr'>fervere</span> <span class='ocrx_word' id='word_1_100' title='bbox 849 1690 905 1743; x_wconf 89' lang='lat' dir='ltr'>late</span> 
     </span>
     <span class='ocr_line' id='line_1_18' title="bbox 196 1777 903 1846; baseline 0 -16"><span class='ocrx_word' id='word_1_101' title='bbox 196 1777 372 1846; x_wconf 86' lang='lat' dir='ltr'>Prospiceres</span> <span class='ocrx_word' id='word_1_102' title='bbox 384 1794 446 1831; x_wconf 88' lang='lat' dir='ltr'><strong>arce</strong></span> <span class='ocrx_word' id='word_1_103' title='bbox 459 1795 493 1832; x_wconf 84' lang='lat' dir='ltr'>ex</span> <span class='ocrx_word' id='word_1_104' title='bbox 507 1795 621 1846; x_wconf 85' lang='lat' dir='ltr'>summa,</span> <span class='ocrx_word' id='word_1_105' title='bbox 637 1783 782 1846; x_wconf 88' lang='lat' dir='ltr'>totumque</span> <span class='ocrx_word' id='word_1_106' title='bbox 795 1777 903 1830; x_wconf 87' lang='lat' dir='ltr'>videres</span> 
     </span>
     <span class='ocr_line' id='line_1_19' title="bbox 196 1865 897 1937; baseline 0.003 -19"><span class='ocrx_word' id='word_1_107' title='bbox 196 1865 305 1920; x_wconf 87' lang='lat' dir='ltr'>Misceri</span> <span class='ocrx_word' id='word_1_108' title='bbox 318 1871 382 1920; x_wconf 88' lang='lat' dir='ltr'>ante</span> <span class='ocrx_word' id='word_1_109' title='bbox 395 1865 489 1920; x_wconf 94' lang='lat' dir='ltr'>oculos</span> <span class='ocrx_word' id='word_1_110' title='bbox 501 1866 586 1920; x_wconf 89' lang='lat' dir='ltr'>tantis</span> <span class='ocrx_word' id='word_1_111' title='bbox 598 1867 765 1920; x_wconf 88' lang='lat' dir='ltr'>clamoribus</span> <span class='ocrx_word' id='word_1_112' title='bbox 777 1868 897 1937; x_wconf 80' lang='lat' dir='ltr'>aequori</span> 
     </span>
     <span class='ocr_line' id='line_1_20' title="bbox 195 1953 939 2023; baseline 0.004 -17"><span class='ocrx_word' id='word_1_113' title='bbox 195 1953 324 2022; x_wconf 88' lang='lat' dir='ltr'>Improbe</span> <span class='ocrx_word' id='word_1_114' title='bbox 337 1970 422 2016; x_wconf 81' lang='lat' dir='ltr'><strong>amor,</strong></span> <span class='ocrx_word' id='word_1_115' title='bbox 437 1953 500 2022; x_wconf 92' lang='lat' dir='ltr'>quid</span> <span class='ocrx_word' id='word_1_116' title='bbox 515 1970 570 2006; x_wconf 92' lang='lat' dir='ltr'>nou</span> <span class='ocrx_word' id='word_1_117' title='bbox 584 1954 711 2008; x_wconf 88' lang='lat' dir='ltr'>mortalia</span> <span class='ocrx_word' id='word_1_118' title='bbox 724 1960 836 2022; x_wconf 80' lang='lat' dir='ltr'><strong>pectora</strong></span> <span class='ocrx_word' id='word_1_119' title='bbox 848 1956 939 2023; x_wconf 82' lang='lat' dir='ltr'>cogisi</span> 
     </span>
     <span class='ocr_line' id='line_1_21' title="bbox 195 2040 959 2110; baseline 0.004 -17"><span class='ocrx_word' id='word_1_120' title='bbox 195 2040 239 2093; x_wconf 87' lang='lat' dir='ltr'>Ire</span> <span class='ocrx_word' id='word_1_121' title='bbox 253 2041 353 2094; x_wconf 87' lang='lat' dir='ltr'>iterum</span> <span class='ocrx_word' id='word_1_122' title='bbox 366 2041 395 2094; x_wconf 91' lang='lat' dir='ltr'>in</span> <span class='ocrx_word' id='word_1_123' title='bbox 408 2041 541 2107; x_wconf 80' lang='lat' dir='ltr'>lacrimas,</span> <span class='ocrx_word' id='word_1_124' title='bbox 556 2041 656 2093; x_wconf 86' lang='lat' dir='ltr'>iterum</span> <span class='ocrx_word' id='word_1_125' title='bbox 669 2047 806 2110; x_wconf 85' lang='lat' dir='ltr'>temptare</span> <span class='ocrx_word' id='word_1_126' title='bbox 818 2042 959 2110; x_wconf 91' lang='lat' dir='ltr'>precando</span> 
     </span>
     <span class='ocr_line' id='line_1_22' title="bbox 196 2127 889 2196; baseline 0.004 -16"><span class='ocrx_word' id='word_1_127' title='bbox 196 2127 318 2195; x_wconf 79' lang='lat' dir='ltr'>(legitur,</span> <span class='ocrx_word' id='word_1_128' title='bbox 333 2132 362 2180; x_wconf 88' lang='lat' dir='ltr'>et</span> <span class='ocrx_word' id='word_1_129' title='bbox 375 2127 488 2196; x_wconf 80' lang='lat' dir='ltr'>supplex</span> <span class='ocrx_word' id='word_1_130' title='bbox 501 2127 607 2180; x_wconf 87' lang='lat' dir='ltr'>animos</span> <span class='ocrx_word' id='word_1_131' title='bbox 620 2128 782 2182; x_wconf 79' lang='lat' dir='ltr'>submittere</span> <span class='ocrx_word' id='word_1_132' title='bbox 793 2131 889 2194; x_wconf 87' lang='lat' dir='ltr'><strong>amori,</strong></span> 
     </span>
    </p>

    <p class='ocr_par' dir='ltr' id='par_1_8' title="bbox 196 2213 925 2286">
     <span class='ocr_line' id='line_1_23' title="bbox 196 2213 925 2286; baseline 0.005 -20"><span class='ocrx_word' id='word_1_133' title='bbox 196 2213 239 2267; x_wconf 86' lang='lat' dir='ltr'>Ne</span> <span class='ocrx_word' id='word_1_134' title='bbox 252 2214 318 2282; x_wconf 90' lang='lat' dir='ltr'>quid</span> <span class='ocrx_word' id='word_1_135' title='bbox 331 2214 505 2282; x_wconf 82' lang='lat' dir='ltr'>inexpertum</span> <span class='ocrx_word' id='word_1_136' title='bbox 519 2214 622 2268; x_wconf 85' lang='lat' dir='ltr'>frustra</span> <span class='ocrx_word' id='word_1_137' title='bbox 634 2215 768 2278; x_wconf 84' lang='lat' dir='ltr'>moritura</span> <span class='ocrx_word' id='word_1_138' title='bbox 780 2216 925 2286; x_wconf 88' lang='lat' dir='ltr'>relinquat.</span> 
     </span>
    </p>

    <p class='ocr_par' dir='ltr' id='par_1_9' title="bbox 196 2301 934 2544">
     <span class='ocr_line' id='line_1_24' title="bbox 233 2301 933 2370; baseline 0.004 -17"><span class='ocrx_word' id='word_1_139' title='bbox 233 2303 249 2329; x_wconf 87' lang='lat'><strong>“</strong></span> <span class='ocrx_word' id='word_1_140' title='bbox 259 2301 350 2368; x_wconf 73' lang='lat' dir='ltr'>Anna</span> <span class='ocrx_word' id='word_1_141' title='bbox 366 2301 443 2354; x_wconf 84' lang='lat' dir='ltr'>rides</span> <span class='ocrx_word' id='word_1_142' title='bbox 455 2306 515 2354; x_wconf 87' lang='lat' dir='ltr'>toto</span> <span class='ocrx_word' id='word_1_143' title='bbox 527 2302 670 2370; x_wconf 84' lang='lat' dir='ltr'>proparari</span> <span class='ocrx_word' id='word_1_144' title='bbox 683 2301 784 2357; x_wconf 82' lang='lat' dir='ltr'>litorei</span> <span class='ocrx_word' id='word_1_145' title='bbox 822 2303 933 2357; x_wconf 82' lang='lat' dir='ltr'>Oircum</span> 
     </span>
     <span class='ocr_line' id='line_1_25' title="bbox 197 2387 934 2456; baseline 0.004 -15"><span class='ocrx_word' id='word_1_146' title='bbox 197 2387 325 2456; x_wconf 89' lang='lat' dir='ltr'>Undique</span> <span class='ocrx_word' id='word_1_147' title='bbox 338 2404 492 2442; x_wconf 89' lang='lat' dir='ltr'>convenere</span> <span class='ocrx_word' id='word_1_148' title='bbox 503 2406 509 2455; x_wconf 92' lang='lat'>;</span> <span class='ocrx_word' id='word_1_149' title='bbox 530 2394 612 2442; x_wconf 88' lang='lat' dir='ltr'>vocat</span> <span class='ocrx_word' id='word_1_150' title='bbox 624 2388 678 2442; x_wconf 87' lang='lat' dir='ltr'><strong>iam</strong></span> <span class='ocrx_word' id='word_1_151' title='bbox 692 2391 822 2444; x_wconf 79' lang='lat' dir='ltr'>carbasus</span> <span class='ocrx_word' id='word_1_152' title='bbox 834 2407 921 2455; x_wconf 82' lang='lat' dir='ltr'>auras,</span> <span class='ocrx_word' id='word_1_153' title='bbox 932 2445 934 2451; x_wconf 80' lang='grc'><strong>,</strong></span> 
     </span>
     <span class='ocr_line' id='line_1_26' title="bbox 196 2475 876 2544; baseline 0.004 -17"><span class='ocrx_word' id='word_1_154' title='bbox 196 2475 339 2543; x_wconf 84' lang='lat' dir='ltr'>Puppibus</span> <span class='ocrx_word' id='word_1_155' title='bbox 352 2481 380 2528; x_wconf 90' lang='lat' dir='ltr'>et</span> <span class='ocrx_word' id='word_1_156' title='bbox 392 2475 458 2528; x_wconf 88' lang='lat' dir='ltr'>lacti</span> <span class='ocrx_word' id='word_1_157' title='bbox 471 2481 570 2529; x_wconf 85' lang='lat' dir='ltr'>nautas</span> <span class='ocrx_word' id='word_1_158' title='bbox 581 2476 737 2544; x_wconf 87' lang='lat' dir='ltr'>imposuere</span> <span class='ocrx_word' id='word_1_159' title='bbox 752 2494 876 2532; x_wconf 90' lang='lat' dir='ltr'>coronas.</span> 
     </span>
    </p>

    <p class='ocr_par' dir='ltr' id='par_1_10' title="bbox 197 2561 861 2632">
     <span class='ocr_line' id='line_1_27' title="bbox 197 2561 861 2632; baseline 0.008 -18"><span class='ocrx_word' id='word_1_160' title='bbox 197 2561 279 2614; x_wconf 88' lang='lat' dir='ltr'>Hunc</span> <span class='ocrx_word' id='word_1_161' title='bbox 292 2578 343 2628; x_wconf 80' lang='lat' dir='ltr'>ego</span> <span class='ocrx_word' id='word_1_162' title='bbox 356 2562 378 2614; x_wconf 92' lang='lat' dir='ltr'>si</span> <span class='ocrx_word' id='word_1_163' title='bbox 391 2563 470 2629; x_wconf 90' lang='lat' dir='ltr'>potui</span> <span class='ocrx_word' id='word_1_164' title='bbox 483 2569 591 2616; x_wconf 89' lang='lat' dir='ltr'>tautum</span> <span class='ocrx_word' id='word_1_165' title='bbox 603 2579 715 2630; x_wconf 85' lang='lat' dir='ltr'>sperare</span> <span class='ocrx_word' id='word_1_166' title='bbox 728 2564 861 2632; x_wconf 86' lang='lat' dir='ltr'>dolorem,</span> 
     </span>
    </p>

    <p class='ocr_par' dir='ltr' id='par_1_11' title="bbox 196 2648 1022 2804">
     <span class='ocr_line' id='line_1_28' title="bbox 196 2648 1022 2717; baseline 0.006 -17"><span class='ocrx_word' id='word_1_167' title='bbox 196 2649 233 2700; x_wconf 89' lang='lat' dir='ltr'>Et</span> <span class='ocrx_word' id='word_1_168' title='bbox 246 2648 376 2716; x_wconf 84' lang='lat' dir='ltr'>perferre,</span> <span class='ocrx_word' id='word_1_169' title='bbox 391 2665 476 2717; x_wconf 89' lang='lat' dir='ltr'>soror,</span> <span class='ocrx_word' id='word_1_170' title='bbox 491 2655 598 2717; x_wconf 86' lang='lat' dir='ltr'>potero.</span> <span class='ocrx_word' id='word_1_171' title='bbox 638 2651 755 2705; x_wconf 85' lang='lat' dir='ltr'>Miserae</span> <span class='ocrx_word' id='word_1_172' title='bbox 767 2651 820 2705; x_wconf 92' lang='lat' dir='ltr'>hoc</span> <span class='ocrx_word' id='word_1_173' title='bbox 833 2657 925 2705; x_wconf 89' lang='lat' dir='ltr'>tamen</span> <span class='ocrx_word' id='word_1_174' title='bbox 939 2668 1022 2706; x_wconf 88' lang='lat' dir='ltr'>unum</span> 
     </span>
     <span class='ocr_line' id='line_1_29' title="bbox 196 2732 963 2804; baseline 0.004 -17"><span class='ocrx_word' id='word_1_175' title='bbox 196 2733 360 2804; x_wconf 80' lang='lat' dir='ltr'>Exsequcre,</span> <span class='ocrx_word' id='word_1_176' title='bbox 377 2732 467 2799; x_wconf 71' lang='lat' dir='ltr'>Anna,</span> <span class='ocrx_word' id='word_1_177' title='bbox 483 2734 550 2787; x_wconf 85' lang='lat' dir='ltr'>milri</span> <span class='ocrx_word' id='word_1_178' title='bbox 561 2735 692 2789; x_wconf 78' lang='lat' dir='ltr'>z-solam</span> <span class='ocrx_word' id='word_1_179' title='bbox 706 2751 770 2790; x_wconf 88' lang='lat' dir='ltr'>nam</span> <span class='ocrx_word' id='word_1_180' title='bbox 786 2735 906 2804; x_wconf 90' lang='lat' dir='ltr'>perfidus</span> <span class='ocrx_word' id='word_1_181' title='bbox 918 2735 963 2790; x_wconf 90' lang='lat' dir='ltr'>illc</span> 
     </span>
    </p>

    <p class='ocr_par' dir='ltr' id='par_1_12' title="bbox 197 2821 888 2888">
     <span class='ocr_line' id='line_1_30' title="bbox 197 2821 888 2888; baseline 0.006 -14"><span class='ocrx_word' id='word_1_182' title='bbox 197 2821 235 2875; x_wconf 81' lang='lat' dir='ltr'>Tc</span> <span class='ocrx_word' id='word_1_183' title='bbox 248 2821 345 2888; x_wconf 85' lang='lat' dir='ltr'>colere,</span> <span class='ocrx_word' id='word_1_184' title='bbox 361 2837 475 2874; x_wconf 88' lang='lat' dir='ltr'>arcanos</span> <span class='ocrx_word' id='word_1_185' title='bbox 488 2822 570 2876; x_wconf 91' lang='lat' dir='ltr'>etiam</span> <span class='ocrx_word' id='word_1_186' title='bbox 586 2823 637 2876; x_wconf 89' lang='lat' dir='ltr'>tibi</span> <span class='ocrx_word' id='word_1_187' title='bbox 653 2823 766 2877; x_wconf 86' lang='lat' dir='ltr'>credere</span> <span class='ocrx_word' id='word_1_188' title='bbox 779 2839 888 2878; x_wconf 88' lang='lat' dir='ltr'>sensns:</span> 
     </span>
    </p>

    <p class='ocr_par' dir='ltr' id='par_1_13' title="bbox 197 2907 841 2977">
     <span class='ocr_line' id='line_1_31' title="bbox 197 2907 841 2977; baseline 0.002 -14"><span class='ocrx_word' id='word_1_189' title='bbox 197 2909 262 2963; x_wconf 85' lang='lat' dir='ltr'>Sola</span> <span class='ocrx_word' id='word_1_190' title='bbox 276 2907 326 2961; x_wconf 90' lang='lat' dir='ltr'><strong>viri</strong></span> <span class='ocrx_word' id='word_1_191' title='bbox 339 2908 430 2961; x_wconf 91' lang='lat' dir='ltr'>mollis</span> <span class='ocrx_word' id='word_1_192' title='bbox 442 2909 532 2962; x_wconf 81' lang='lat' dir='ltr'>aditus</span> <span class='ocrx_word' id='word_1_193' title='bbox 545 2916 573 2963; x_wconf 88' lang='lat' dir='ltr'>et</span> <span class='ocrx_word' id='word_1_194' title='bbox 585 2915 712 2977; x_wconf 88' lang='lat' dir='ltr'>tempora</span> <span class='ocrx_word' id='word_1_195' title='bbox 723 2927 841 2964; x_wconf 87' lang='lat' dir='ltr'>noras—</span> 
     </span>
    </p>

    <p class='ocr_par' dir='ltr' id='par_1_14' title="bbox 196 2997 976 3240">
     <span class='ocr_line' id='line_1_32' title="bbox 196 2997 950 3067; baseline 0.001 -16"><span class='ocrx_word' id='word_1_196' title='bbox 196 2998 217 3063; x_wconf 83' lang='lat'>1,</span> <span class='ocrx_word' id='word_1_197' title='bbox 233 3014 318 3065; x_wconf 84' lang='lat' dir='ltr'>soror,</span> <span class='ocrx_word' id='word_1_198' title='bbox 333 3002 415 3066; x_wconf 91' lang='lat' dir='ltr'>atque</span> <span class='ocrx_word' id='word_1_199' title='bbox 427 2997 534 3050; x_wconf 89' lang='lat' dir='ltr'>hostem</span> <span class='ocrx_word' id='word_1_200' title='bbox 547 2998 664 3067; x_wconf 81' lang='lat' dir='ltr'>supplex</span> <span class='ocrx_word' id='word_1_201' title='bbox 677 2998 772 3052; x_wconf 77' lang='lat' dir='ltr'><strong>adfare</strong></span> <span class='ocrx_word' id='word_1_202' title='bbox 785 2998 950 3066; x_wconf 89' lang='lat' dir='ltr'>superbum:</span> 
     </span>
     <span class='ocr_line' id='line_1_33' title="bbox 197 3083 976 3153; baseline 0.001 -15"><span class='ocrx_word' id='word_1_203' title='bbox 197 3083 261 3138; x_wconf 76' lang='lat' dir='ltr'>&#39;Non</span> <span class='ocrx_word' id='word_1_204' title='bbox 274 3101 325 3152; x_wconf 81' lang='lat' dir='ltr'>ego</span> <span class='ocrx_word' id='word_1_205' title='bbox 337 3101 400 3138; x_wconf 88' lang='lat' dir='ltr'>cum</span> <span class='ocrx_word' id='word_1_206' title='bbox 413 3084 518 3138; x_wconf 88' lang='lat' dir='ltr'>Danais</span> <span class='ocrx_word' id='word_1_207' title='bbox 531 3084 677 3139; x_wconf 88' lang='lat' dir='ltr'><strong>Troianam</strong></span> <span class='ocrx_word' id='word_1_208' title='bbox 692 3085 853 3140; x_wconf 88' lang='lat' dir='ltr'>exscindere</span> <span class='ocrx_word' id='word_1_209' title='bbox 866 3090 976 3153; x_wconf 81' lang='lat' dir='ltr'>gentem</span> 
     </span>
     <span class='ocr_line' id='line_1_34' title="bbox 198 3171 850 3240; baseline 0 -16"><span class='ocrx_word' id='word_1_210' title='bbox 198 3171 409 3236; x_wconf 81' lang='lat' dir='ltr'>Aulideiuravi,</span> <span class='ocrx_word' id='word_1_211' title='bbox 424 3171 572 3225; x_wconf 88' lang='lat' dir='ltr'>classemve</span> <span class='ocrx_word' id='word_1_212' title='bbox 586 3172 620 3225; x_wconf 91' lang='lat' dir='ltr'>ad</span> <span class='ocrx_word' id='word_1_213' title='bbox 634 3171 769 3240; x_wconf 83' lang='lat' dir='ltr'><strong>Pergama</strong></span> <span class='ocrx_word' id='word_1_214' title='bbox 780 3171 850 3239; x_wconf 85' lang='lat' dir='ltr'>misi,</span> 
     </span>
    </p>

    <p class='ocr_par' dir='ltr' id='par_1_15' title="bbox 198 3257 1008 3413">
     <span class='ocr_line' id='line_1_35' title="bbox 198 3257 1008 3325; baseline 0.006 -14"><span class='ocrx_word' id='word_1_215' title='bbox 198 3257 223 3311; x_wconf 87' lang='lat' dir='ltr'>N</span> <span class='ocrx_word' id='word_1_216' title='bbox 226 3274 257 3311; x_wconf 90' lang='lat' dir='ltr'>ec</span> <span class='ocrx_word' id='word_1_217' title='bbox 269 3258 355 3325; x_wconf 89' lang='lat' dir='ltr'>patris</span> <span class='ocrx_word' id='word_1_218' title='bbox 369 3258 508 3311; x_wconf 86' lang='lat' dir='ltr'>Anchisae</span> <span class='ocrx_word' id='word_1_219' title='bbox 522 3258 642 3311; x_wconf 87' lang='lat' dir='ltr'>cinerem</span> <span class='ocrx_word' id='word_1_220' title='bbox 655 3257 779 3312; x_wconf 86' lang='lat' dir='ltr'>Manisve</span> <span class='ocrx_word' id='word_1_221' title='bbox 792 3259 885 3312; x_wconf 88' lang='lat' dir='ltr'>revelli</span> <span class='ocrx_word' id='word_1_222' title='bbox 898 3278 903 3312; x_wconf 77' lang='grc' dir='ltr'><strong>ε</strong></span> <span class='ocrx_word' id='word_1_223' title='bbox 1005 3308 1008 3316; x_wconf 90' lang='grc'>.</span> 
     </span>
     <span class='ocr_line' id='line_1_36' title="bbox 198 3344 910 3413; baseline 0.001 -15"><span class='ocrx_word' id='word_1_224' title='bbox 198 3345 255 3398; x_wconf 88' lang='lat' dir='ltr'>Our</span> <span class='ocrx_word' id='word_1_225' title='bbox 266 3361 328 3398; x_wconf 91' lang='lat' dir='ltr'>maa</span> <span class='ocrx_word' id='word_1_226' title='bbox 340 3345 414 3399; x_wconf 88' lang='lat' dir='ltr'>dicta</span> <span class='ocrx_word' id='word_1_227' title='bbox 426 3350 510 3413; x_wconf 83' lang='lat' dir='ltr'>negat</span> <span class='ocrx_word' id='word_1_228' title='bbox 522 3344 605 3398; x_wconf 90' lang='lat' dir='ltr'>duras</span> <span class='ocrx_word' id='word_1_229' title='bbox 617 3346 764 3399; x_wconf 89' lang='lat' dir='ltr'>demittere</span> <span class='ocrx_word' id='word_1_230' title='bbox 776 3346 805 3398; x_wconf 93' lang='lat' dir='ltr'>in</span> <span class='ocrx_word' id='word_1_231' title='bbox 818 3347 910 3400; x_wconf 80' lang='lat' dir='ltr'>aurisl</span> 
     </span>
    </p>

    <p class='ocr_par' dir='ltr' id='par_1_16' title="bbox 199 3429 1020 3495">
     <span class='ocr_line' id='line_1_37' title="bbox 199 3429 1020 3495; baseline 0.005 -13"><span class='ocrx_word' id='word_1_232' title='bbox 199 3429 260 3495; x_wconf 81' lang='lat' dir='ltr'>Quo</span> <span class='ocrx_word' id='word_1_233' title='bbox 272 3431 347 3484; x_wconf 84' lang='lat' dir='ltr'>ruitl</span> <span class='ocrx_word' id='word_1_234' title='bbox 366 3436 521 3484; x_wconf 88' lang='lat' dir='ltr'>extremum</span> <span class='ocrx_word' id='word_1_235' title='bbox 535 3430 587 3484; x_wconf 85' lang='lat' dir='ltr'>hoc</span> <span class='ocrx_word' id='word_1_236' title='bbox 600 3432 717 3484; x_wconf 87' lang='lat' dir='ltr'>miserae</span> <span class='ocrx_word' id='word_1_237' title='bbox 729 3432 776 3486; x_wconf 85' lang='lat' dir='ltr'>(let</span> <span class='ocrx_word' id='word_1_238' title='bbox 789 3449 889 3486; x_wconf 87' lang='lat' dir='ltr'>munus</span> <span class='ocrx_word' id='word_1_239' title='bbox 901 3433 1002 3486; x_wconf 87' lang='lat' dir='ltr'>amanti</span> <span class='ocrx_word' id='word_1_240' title='bbox 1015 3450 1020 3487; x_wconf 93' lang='lat'><strong>:</strong></span> 
     </span>
    </p>
   </div>
   <div class='ocr_carea' id='block_1_3' title="bbox 200 3515 926 3587">
    <p class='ocr_par' dir='ltr' id='par_1_17' title="bbox 200 3515 926 3587">
     <span class='ocr_line' id='line_1_38' title="bbox 200 3515 926 3587; baseline 0.006 -19"><span class='ocrx_word' id='word_1_241' title='bbox 200 3515 347 3584; x_wconf 82' lang='lat' dir='ltr'>Exspectat</span> <span class='ocrx_word' id='word_1_242' title='bbox 359 3516 522 3584; x_wconf 77' lang='lat' dir='ltr'>tacilcmque</span> <span class='ocrx_word' id='word_1_243' title='bbox 533 3517 629 3584; x_wconf 72' lang='lat' dir='ltr'>fugam</span> <span class='ocrx_word' id='word_1_244' title='bbox 641 3526 793 3587; x_wconf 85' lang='lat' dir='ltr'>ventosque</span> <span class='ocrx_word' id='word_1_245' title='bbox 806 3519 926 3572; x_wconf 82' lang='lat' dir='ltr'>ferentis</span> 
     </span>
    </p>
   </div>
   <div class='ocr_carea' id='block_1_4' title="bbox 0 0 1360 3938">
    <p class='ocr_par' dir='ltr' id='par_1_18' title="bbox 0 0 1360 3938">
     <span class='ocr_line' id='line_1_39' title="bbox 0 0 1360 3938; baseline 0 0"><span class='ocrx_word' id='word_1_246' title='bbox 0 0 1360 3938; x_wconf 95' lang='lat' dir='ltr'> </span> 
     </span>
    </p>
   </div>
  </div>
 </body>
</html>
