2730 3936
555 207 691 256 vnnulnl
714 208 878 258 nnuninos
901 209 921 258 1.

226 371 398 440 Insequitur?
418 387 488 439 quae
502 371 544 423 vis
555 369 722 422 immanibus
735 369 856 438 applicat
869 370 943 422 crisi

225 459 301 512 Tune
313 458 359 512 ille
374 459 489 526 Aeneas,
505 473 586 526 quem
599 455 741 510 Dardanio
755 455 894 510 Anchisae

227 545 308 600 Alma
321 544 418 598 Venus
431 544 546 613 Phrygii
559 544 654 612 gennit
668 543 817 597 Simoentis
830 543 865 597 ad
877 543 998 598 undami

225 633 317 701 Atque
331 631 456 700 equidem
470 630 605 684 Teucrum
618 631 729 684 memini
745 630 848 684 Sidona
859 631 962 698 venire,

225 719 338 772 Finibus
350 719 494 789 expulsum
507 719 613 788 patriis,
628 735 700 772 nove
713 734 797 787 regna
809 721 950 786 petentem

225 806 338 859 Auxilio
352 805 428 873 Beli,
449 807 559 875 genitor
571 815 631 858 tum
645 804 728 858 Belus
742 805 863 873 opimam

225 893 362 947 Veniebat
374 893 506 963 Cyprum,
521 899 549 947 et
564 893 651 946 vietor
666 892 775 946 dicione
788 893 909 948 tenebat

225 979 361 1049 Tempore
371 980 427 1034 iam
441 996 475 1034 ex
487 979 535 1033 illo
548 996 628 1034 cesus
640 979 708 1032 mihi
721 980 849 1047 cognitus
861 981 938 1035 urbis

224 1066 358 1122 Troianae
371 1084 527 1136 nomenque
540 1072 618 1122 tuum
631 1083 764 1136 regesque
777 1067 892 1136 Pelasgi.

224 1154 287 1223 Ipse
299 1155 386 1208 hostis
398 1154 518 1209 Teucros
530 1155 631 1224 insigni
644 1153 724 1208 laude
736 1154 850 1224 ferebat,

224 1242 313 1312 Seque
325 1248 418 1296 crtum
430 1243 543 1313 antique
557 1243 725 1298 Teucrorum
739 1244 774 1298 ab
788 1244 873 1312 stirpe
886 1243 1004 1298 volebat.

225 1328 316 1394 Quare
329 1330 411 1398 agite,
427 1347 443 1383 o
456 1330 543 1394 tectis,
558 1329 679 1400 iuvenes,
696 1331 835 1386 succedite
846 1330 958 1384 nostris.

224 1415 270 1472 Me
283 1433 391 1485 quoque
403 1419 565 1486 permultos
580 1419 677 1473 similis
689 1419 802 1472 fortuna
814 1418 922 1472 labores

227 1502 357 1558 lactatam
370 1505 422 1559 hac
436 1505 546 1559 demum
559 1508 649 1562 voluit
662 1507 811 1562 consistere
825 1511 907 1561 terra.

225 1589 288 1644 Non
300 1590 398 1660 ignara
406 1591 472 1645 mali
485 1594 590 1647 miseris
604 1611 764 1648 succurrere
777 1594 880 1647 disco.”

224 1677 270 1732 Sic
281 1684 432 1745 memorat,
453 1681 533 1734 simul
547 1681 661 1736 Aenean
674 1683 703 1734 in
716 1682 792 1750 regia
804 1681 880 1735 ducit

223 1764 313 1834 Tecta,
329 1766 410 1820 simul
421 1767 514 1821 divom
530 1770 640 1839 templis
653 1769 751 1824 indicit
763 1769 906 1822 honorem.

224 1855 284 1910 Nec
295 1858 388 1912 minus
401 1859 505 1912 interea
519 1857 599 1911 sociis
612 1857 645 1911 ad
659 1857 740 1910 litora
751 1857 840 1910 mittit

224 1943 332 2013 Viginti
345 1952 447 2014 tauros,
463 1962 626 2014 magnorum
640 1944 784 1998 horrentia
796 1948 907 1997 centnm

223 2031 310 2102 Terga
322 2051 410 2101 suurn,
425 2034 534 2103 pinguis
548 2039 658 2088 centurn
672 2049 734 2086 cum
748 2032 883 2086 matribus
895 2049 988 2100 agnos,

223 2119 339 2175 Munere
350 2121 538 2190 laetitiamque
551 2121 598 2175 dii.

222 2207 263 2260 At
275 2209 373 2262 domus
385 2209 502 2262 interior
514 2209 599 2277 regali
612 2208 755 2278 splendida
766 2208 832 2262 luxu

222 2296 378 2365 Instruitur,
393 2299 543 2368 mediisque
556 2305 655 2366 parent
668 2296 796 2352 convivia
807 2295 903 2349 tectis:

222 2387 292 2439 Arte
305 2385 444 2441 laboratae
457 2391 548 2440 vestes
562 2389 691 2453 ostroque
705 2383 832 2452 superbo,

222 2471 323 2541 Ingens
336 2479 478 2542 argentum
494 2472 602 2540 mensis,
620 2470 778 2539 caelataque
790 2471 819 2523 in
832 2486 900 2524 auro

221 2559 316 2614 Fortia
328 2562 401 2615 facte
413 2566 531 2630 patrum,
546 2559 630 2613 series
643 2557 802 2626 longissima
814 2573 906 2611 rerum

222 2645 275 2700 Per
287 2652 330 2700 tot
343 2648 425 2702 ducta
439 2648 510 2702 viros
523 2650 653 2718 antiquae
667 2649 702 2703 ab
715 2647 821 2715 origine
837 2647 935 2716 gentis.

257 2734 490 2805 Aeneas—neque
504 2736 576 2789 enirn
590 2736 697 2804 patrius
712 2735 862 2790 consistere
875 2741 997 2788 mentem

221 2819 320 2874 Passus
330 2822 568 2890 amor-rapidum
583 2822 617 2876 ad
632 2823 710 2877 navis
723 2821 878 2892 praemittit
891 2820 1028 2890 Achaten,

222 2908 342 2962 Ascanio
354 2910 424 2963 feret
436 2909 512 2973 hoec,
527 2910 671 2979 ipsumque
685 2909 719 2964 ad
734 2907 954 3010 moenis'cat:

222 2995 318 3048 Omnis
330 2996 359 3048 in
372 2997 492 3050 Ascanio
505 2998 562 3050 cari
575 3003 630 3052 stat
643 3014 710 3052 cura
721 2997 852 3066 parentis.

221 3079 337 3136 Munera
348 3088 498 3152 praeterea,
511 3084 601 3139 Iliacis
613 3091 709 3154 erepta
719 3085 815 3153 ruinis,

221 3169 302 3222 Terre
315 3170 399 3238 iubet,
414 3171 514 3238 pallam
528 3172 613 3240 signis
625 3189 747 3242 auroque
757 3173 902 3240 rigentem,

221 3255 256 3308 Et
269 3257 479 3311 circumtextum
493 3275 589 3312 croceo
602 3259 726 3314 velamen
741 3258 868 3327 acantho,

221 3342 341 3396 Ornatus
355 3345 475 3412 Argivae
489 3344 618 3413 Helenae,
633 3363 702 3414 qnos
715 3345 761 3400 ille
773 3345 904 3413 Mycenis,

220 3429 354 3496 Pergama
367 3448 427 3484 cum
441 3436 549 3499 peteret
561 3432 787 3501 inconcessosque
801 3432 982 3502 Hymenaeos,

219 3515 371 3586 Extuleret,
385 3519 481 3570 matris
493 3517 583 3572 Ledae
596 3519 721 3572 mirabile
734 3520 853 3584 donum,
