2656 3940
429 224 565 274 VERGILI
590 225 755 275 taurinos
776 227 821 277 IX.

144 387 265 440 Ductori
278 386 380 454 Turno,
395 387 505 440 divorsa
517 387 547 440 in
559 392 638 456 parte
650 388 756 442 furenti

107 473 302 542 Turbantique
314 475 396 540 viros,
408 474 548 543 perfertur
559 475 680 544 nuntius,
696 475 804 530 hostem

107 562 232 615 Fervere
245 561 327 614 caede
340 578 421 626 nova,
436 567 464 615 et
477 567 572 630 portas
584 563 718 630 praebere
732 565 861 630 patentis,

107 649 223 702 Deserit
235 649 385 717 inceptum,
400 655 482 718 atque
494 649 608 703 immani
623 651 747 704 concitus
761 652 802 704 ira

107 736 281 790 Dardaniam
295 735 351 788 ruit
364 735 399 789 ad
411 741 522 804 portam
541 737 694 807 fratresque
707 739 849 806 superbos.

107 824 148 876 Et
160 823 282 892 primum
295 821 478 891 Antiphaten,
493 824 516 876 is
530 825 602 877 enim
616 841 645 878 se
657 826 764 894 primus
776 827 883 894 agebat,

108 911 244 964 Thebana
257 911 291 963 de
304 915 392 964 matre
405 910 522 964 nothum
535 911 702 980 Sarpedonis
714 912 770 979 alti,

109 998 248 1052 Coniecto
257 999 357 1051 sternit
369 997 474 1064 iaculo;
496 997 572 1051 volat
583 998 653 1052 Itala
666 1015 766 1052 cornus

109 1086 189 1139 Aera
201 1101 252 1154 per
264 1089 399 1148 tenerum,
417 1084 613 1154 stomachoque
626 1085 711 1139 infixa
725 1088 776 1141 sub
790 1087 874 1140 altum

108 1173 214 1226 Pectus
226 1171 298 1239 abit,
320 1172 412 1225 reddit
426 1188 522 1240 sperne
535 1173 589 1226 atri
602 1172 723 1226 volneris
737 1173 838 1227 undam
1079 1177 1132 1231 ’100

109 1261 301 1329 Spumantem,
317 1263 345 1312 et
358 1259 415 1312 fixo
428 1259 533 1313 ferrum
547 1260 577 1313 in
589 1259 720 1328 pulmone
731 1262 856 1329 tepescit.

109 1347 181 1400 Tum
196 1346 338 1415 Meropem
351 1351 435 1414 atque
447 1346 599 1413 Erymanta
611 1363 703 1415 manu,
718 1354 778 1400 tum
790 1349 890 1402 sternit
904 1349 1081 1418 Aphidnum

109 1436 182 1489 Tum
196 1434 288 1487 Bitian
301 1434 443 1486 ardentem
457 1433 544 1487 oculis
556 1434 709 1503 animisque
721 1435 894 1503 frementem,

109 1523 177 1577 Non
190 1521 405 1589 iaculo-neque
418 1522 491 1574 enim
503 1521 593 1575 iaculo
605 1522 691 1575 vitam
704 1521 750 1577 ille
763 1522 926 1593 dedisset—,

109 1611 166 1665 Sed
178 1625 310 1678 magnum
323 1608 443 1662 stridens
456 1614 585 1663 contorta
596 1609 738 1678 phalarica
749 1611 834 1677 venit,
1077 1612 1130 1669 tot

108 1697 247 1751 Fulminis
259 1705 323 1750 acta
334 1695 432 1763 mod03
453 1711 533 1765 quam
547 1713 598 1750 nec
610 1697 666 1750 duo
678 1702 775 1751 taurea
787 1705 872 1767 terga,

109 1785 171 1840 Nec
184 1782 289 1851 duplici
302 1799 415 1850 squama
426 1782 511 1837 lorica
523 1782 613 1836 fidelis
625 1789 653 1837 et
667 1800 735 1839 auro

109 1871 264 1927 Sustinuit:
288 1870 418 1940 conlapsa
430 1878 515 1925 ruunt
527 1872 660 1925 immania
672 1873 803 1926 membra.

109 1963 166 2017 Dat
179 1963 263 2017 tellus
275 1965 416 2033 gemitum,
432 1971 460 2019 et
473 1966 592 2035 clipeum
606 1983 688 2035 super
700 1966 811 2019 intonat
824 1966 929 2033 ingens.

109 2051 185 2104 Talis
197 2052 226 2104 in
240 2051 362 2106 Euboico
376 2052 504 2107 Baiarum
518 2053 599 2107 litore
612 2053 749 2122 quondam

108 2139 200 2194 Saxea
213 2140 270 2210 pilu
283 2141 364 2205 cadit,
380 2142 488 2210 magnis
501 2159 583 2211 quam
596 2141 717 2195 molibus
729 2146 794 2194 ante

108 2227 307 2282 constructam
319 2234 408 2296 ponto
417 2229 535 2283 iaciunt:
551 2231 589 2283 sic
602 2229 650 2282 illa
662 2229 769 2282 ruinam

107 2314 203 2369 Prona
214 2315 309 2382 trahit,
324 2317 488 2385 penitusque
501 2317 581 2370 vadia
592 2317 674 2370 inlisa
685 2315 835 2377 recumbit;

107 2401 229 2456 Miscent
238 2419 267 2456 se
279 2404 375 2466 maria,
390 2408 419 2456 00
431 2404 526 2472 nigrae
538 2403 704 2457 attolluntur
716 2403 849 2468 harenae3

107 2488 178 2542 Tum
192 2489 285 2543 sonitu
298 2489 439 2558 Prochyta
450 2491 506 2545 alta
517 2492 620 2558 tremit,
634 2490 789 2559 durumque
802 2490 891 2543 cubile

106 2576 229 2630 Inarime
243 2576 316 2631 Iovia
328 2577 451 2646 imperiis
463 2579 583 2647 imposta
594 2578 736 2648 Typhoeo,
825 2609 830 2620 ·

143 2664 198 2718 Hic
212 2663 286 2718 Mars
298 2665 468 2734 amnipotens
480 2666 601 2720 animum
615 2667 736 2735 virisque
748 2666 854 2720 Latinis

107 2752 237 2819 Addidit,
249 2758 277 2805 et
290 2752 415 2806 stimulos
428 2753 499 2806 acris
511 2754 562 2806 snb
575 2758 688 2822 pectore
701 2755 793 2821 vertit,

107 2839 282 2908 Imrnisitque
294 2839 397 2908 Fugam
411 2839 522 2894 Teucris
535 2849 679 2910 utrumque
692 2842 838 2895 Timorem.

107 2927 239 2996 Undique
253 2929 430 2992 conveniunt,
445 2929 576 2997 quoniam
590 2929 654 2982 data
666 2930 746 2998 copia
757 2945 873 2997 pugnae,

108 3015 287 3084 Bellatorque
299 3016 392 3069 animo
404 3014 472 3068 deus
483 3015 588 3069 incidit.

107 3101 261 3170 Pandarus,
276 3107 308 3156 ut
319 3103 383 3156 fuso
396 3105 558 3171 germanum
571 3119 687 3171 corporo
701 3104 798 3172 cernit,

108 3190 144 3244 Et
157 3207 213 3259 quo
226 3190 263 3242 sit
275 3191 389 3243 fortuna
400 3190 470 3254 loco,
485 3191 531 3259 qui
545 3207 623 3244 casus
637 3196 702 3259 agat
715 3207 767 3254 res,

107 3277 220 3332 Portam
235 3278 263 3330 vi
276 3277 364 3330 multa
379 3293 514 3331 converso
527 3278 638 3331 cardine
651 3283 772 3346 torquet,

109 3364 236 3419 Obnixus
248 3365 312 3418 latis
325 3365 436 3430 umeris,
450 3364 607 3433 multosque
622 3381 733 3418 suorum

108 3449 254 3506 Moenibus
267 3452 393 3505 exclusos
405 3451 475 3505 duro
487 3452 516 3505 in
529 3453 681 3505 certamine
693 3451 809 3520 linquit,

108 3541 162 3592 Ast
174 3540 243 3593 alios
255 3555 347 3593 secum
361 3538 479 3592 includit
491 3539 643 3608 recipitque
655 3537 770 3606 ruentis,

223 3636 393 3688 020
