2656 3940
532 219 670 270 vuirunt
693 221 858 271 antemos
880 222 911 272 X.

214 384 318 453 Stagna
329 383 403 437 viam
417 383 551 451 scindens,
567 400 662 437 umero
675 383 864 451 supereminet
875 384 969 452 undas,

214 472 280 538 Aut,
296 470 409 524 summis
421 470 545 524 referens
558 485 690 524 annosam
703 471 846 524 montibus
858 488 966 540 ornum,

213 557 428 626 Ingrediturque
440 557 500 610 solo
512 564 540 609 et
553 563 637 625 caput
649 557 723 610 inter
735 557 832 612 nubila
843 558 955 612 condit:

214 645 285 698 Talis
298 662 327 698 se
340 645 426 698 vastis
440 645 525 697 infert
538 643 692 697 Mezentius
704 643 796 699 armis.

213 732 285 785 Huic
298 737 396 786 contra
408 732 524 795 Aeneas
539 731 695 799 speculatus
706 731 736 784 in
748 733 859 800 agmine
871 732 962 801 longo,

214 819 320 873 Obvius
331 819 372 872 ire
385 825 472 887 paret.
510 819 605 872 Manet
616 819 820 887 imperterritus
832 820 886 888 ille,

213 906 328 960 Hostem
341 907 547 974 magnanimum
562 907 714 975 opperiens,
730 915 758 960 et
769 907 843 960 mole
856 924 904 962 sua
917 914 979 972 stat,

213 995 306 1062 Atque
319 993 405 1047 oeulis
418 995 537 1062 spatium
551 1009 686 1062 emensus,
702 1002 836 1062 quantum
850 995 916 1048 satis
927 996 1041 1050 hastae:

214 1080 347 1133 “Dextra
360 1079 428 1132 mihi
441 1079 509 1132 deus
521 1088 550 1133 et
562 1079 655 1145 telum,
672 1079 746 1148 quod
760 1079 862 1133 missile
874 1080 953 1149 libro,

212 1167 294 1222 Nunc
307 1167 413 1222 adsint!
452 1167 552 1221 Voveo
564 1167 713 1235 praedonis
728 1184 844 1236 corpore
856 1169 941 1237 raptis

211 1254 342 1310 indutum
356 1253 449 1323 spoliis
461 1255 550 1322 ipsum
564 1260 600 1321 te,
615 1255 710 1321 lmuse,
724 1259 868 1323 tropaeum

214 1342 350 1396 Aeneae.”
386 1341 473 1407 Dixit,
488 1341 706 1410 stridentemque
720 1343 828 1396 eminus
840 1344 945 1397 hastam

211 1429 295 1495 Iecit3
316 1434 344 1482 at
357 1428 404 1482 illa
417 1427 512 1481 volens
525 1427 612 1496 clipeo
628 1433 670 1480 est
684 1445 805 1497 excussa,
819 1431 970 1500 proculque

210 1516 358 1584 Egregium
371 1516 498 1569 Antoren
511 1514 584 1568 latus
595 1516 668 1569 inter
679 1525 708 1570 et
720 1517 768 1571 ilia
779 1517 846 1585 figit,

211 1602 338 1656 Herculis
350 1603 476 1656 Antoren
491 1605 629 1672 comitem,
644 1606 690 1673 qui
703 1607 802 1659 missus
814 1607 849 1659 ab
862 1606 945 1674 Argis

210 1690 346 1745 Haeserat
357 1690 496 1759 Euandro,
511 1697 593 1760 atque
606 1691 678 1746 Itala
691 1694 855 1748 consederat
868 1693 944 1748 urbe.

210 1777 348 1832 Sternitur
360 1777 454 1831 infelix
468 1778 560 1832 alieno
572 1779 691 1847 voluere,
708 1781 869 1850 caelumque

209 1866 327 1934 Aspicit,
342 1872 370 1918 et
382 1865 470 1920 dulcis
482 1866 603 1920 moriens
616 1868 802 1922 reminiscitur
814 1869 913 1936 Argos.

209 1954 279 2006 Tum
292 1954 354 2023 pius
366 1954 477 2008 Aeneas
489 1954 596 2008 hastam
608 1955 689 2008 iacit:
711 1955 758 2010 illa
770 1972 821 2024 per
832 1955 926 2009 orbem

209 2043 282 2098 Aere
296 2063 393 2098 cavum
406 2045 516 2115 triplici,
532 2063 581 2115 per
592 2044 667 2098 linea
679 2050 765 2112 terga,
779 2043 922 2111 tribusque

209 2132 328 2187 Transiit
341 2135 479 2188 intextum
491 2134 577 2187 tauris
591 2149 666 2201 opus,
681 2132 790 2200 imaque
802 2131 875 2184 sedit

208 2219 338 2289 inguine,
359 2222 407 2275 sed
420 2221 572 2274 virishaud
586 2220 707 2289 pertulit.
747 2219 831 2273 Ocius
844 2235 936 2274 ensem

208 2309 325 2374 Aeneas,
340 2309 399 2362 viso
412 2309 549 2376 Tyrrheni
562 2308 693 2376 sauguine
705 2295 802 2375 laetus,

207 2393 299 2463 Eripit
311 2413 327 2449 a
339 2397 450 2464 femine,
466 2403 494 2450 et
507 2394 656 2465 trepidanti
671 2394 794 2448 fervidus
805 2395 898 2447 instat

208 2480 345 2548 Ingemuit
359 2485 415 2538 cari
428 2485 550 2552 graviter
562 2483 694 2552 genitoris
706 2498 807 2549 umore,

208 2566 246 2620 Ut
260 2569 336 2638 vidit,
351 2569 462 2637 Lausus,
476 2570 659 2639 lacrimaeque
672 2585 721 2638 per
735 2584 784 2622 ora
796 2568 913 2622 volutae,

196 2632 261 2717 filie
273 2658 371 2710 mortis
383 2658 469 2712 durae
482 2675 575 2712 casum
588 2665 691 2726 tuaque
704 2657 809 2726 optima
820 2655 903 2721 facta,

207 2741 236 2795 Si
249 2759 303 2811 qua
314 2743 396 2798 fidem
410 2752 488 2799 tanto
501 2751 543 2798 est
556 2746 631 2814 operi
647 2745 738 2798 latura
752 2747 881 2804 vetustas,

206 2828 234 2882 N
236 2847 271 2883 ou
285 2832 420 2900 equidem,
436 2849 485 2886 nec
498 2839 534 2899 te,
548 2832 658 2886 iuvenis
669 2830 854 2896 memorande,
869 2828 963 2884 silebo.

206 2917 256 2972 llle
268 2919 366 2987 pedem
380 2921 504 2974 referens
516 2927 545 2973 et
556 2920 663 2974 inutilis
676 2922 759 2989 inque
770 2918 871 2987 ligatus

207 3006 337 3074 Oedebat,
353 3007 495 3076 clipeoque
507 3007 649 3060 inimicum
663 3006 762 3060 hastile
774 3005 911 3059 trahebat.

206 3093 337 3164 Prorupit
350 3095 457 3149 iuvenis
470 3111 583 3163 seseque
595 3095 745 3148 immiscuit
758 3094 849 3160 armis,

206 3179 318 3250 lamque
331 3182 504 3250 adsurgentis
516 3182 615 3235 dextra
629 3181 789 3249 plagamque
802 3180 919 3234 ferentis

206 3267 319 3321 Aeneae
332 3269 416 3322 subiit
428 3286 596 3336 mucronem,
611 3269 755 3337 ipsumque
768 3267 903 3321 morando

206 3355 349 3408 Sustinuit.
389 3357 460 3410 Socii
474 3374 573 3423 magno
587 3357 707 3410 clamore
719 3361 879 3423 sequuntur,

206 3440 277 3493 Dum
291 3442 399 3508 genitor
411 3444 469 3496 uati
483 3459 577 3512 parma
589 3447 730 3512 protectus
743 3442 840 3507 abiret,

206 3526 324 3594 Telaque
337 3528 485 3596 coniciunt,
500 3530 718 3598 proturbantque
732 3529 840 3582 eminus
853 3529 962 3584 hostem
