2706 3938
448 230 587 279 VERGILI
610 231 774 282 adruinus
797 231 842 281 IV.

131 391 192 446 Heu
206 393 273 461 quid
288 393 371 461 agat?
391 409 445 461 quo
457 408 531 445 nunc
544 392 667 460 reginam
681 392 786 446 ambire
798 393 937 447 furentem

131 479 244 531 Audeat
257 479 375 532 adfatul
396 495 465 548 quae
478 479 566 546 prima
579 479 693 532 exordia
705 480 813 532 eumatl

131 567 226 632 Atque
240 566 364 618 animum
376 583 450 620 nunc
464 566 517 620 huo
531 565 656 635 celerem,
671 583 744 619 nunc
757 566 857 621 dividit
869 567 941 636 illuc,

132 653 165 705 ln
179 653 322 722 partisque
336 654 408 722 rapit
421 653 512 707 varies
524 670 629 722 perque
642 653 734 707 omnia
747 659 846 707 versat.

131 739 210 793 Haec
224 739 373 794 alternanti
385 740 479 808 potior
492 740 630 794 sententia
642 741 701 794 visa
713 746 771 794 est:

130 827 280 884 Mnesthea
292 828 502 896 Sergestumque
516 833 598 880 vocat
612 827 766 896 fortemque
779 827 929 896 Serestum,

133 917 258 970 Classem
271 921 366 984 aptent
377 915 456 969 taciti
468 913 610 983 sociosque
624 915 658 968 ad
671 915 754 968 litora
766 921 874 983 cogant,

131 1004 224 1058 Arma
236 1009 389 1072 parentet,
404 1020 472 1073 quae
485 1002 568 1055 rebus
582 1002 618 1055 sit
630 1019 713 1056 causa
724 1002 867 1069 novandis,

131 1091 331 1158 Dissimuleut3
351 1108 409 1145 sese
420 1091 534 1157 interea,
549 1089 660 1158 quando
673 1090 778 1158 optima
789 1089 863 1143 Dido

131 1179 249 1234 Nesciat
263 1185 291 1234 et
302 1185 394 1233 tantos
406 1180 496 1248 rumpi
508 1195 565 1232 nou
579 1182 672 1246 speret
684 1193 799 1244 amores,

131 1267 344 1336 Temptaturum
357 1267 454 1334 aditus,
470 1272 498 1320 et
510 1283 579 1336 quae
593 1265 756 1319 mollissima
767 1263 842 1317 fandi

132 1355 279 1424 Tempora,
293 1355 354 1424 quis
365 1355 447 1408 rebus
460 1354 557 1408 dexter
568 1353 675 1407 modus.
713 1353 798 1405 Ocius
811 1367 906 1405 omnes

132 1441 257 1510 Imperio
268 1442 334 1495 laeti
345 1447 445 1510 parent
456 1458 488 1495 ac
500 1442 575 1495 iussa
586 1442 734 1495 iacessunt.

168 1529 209 1582 At
221 1529 317 1597 regina
329 1527 502 1598 dolos-quis
514 1528 612 1582 fallere
624 1528 712 1596 possit
725 1530 865 1580 amantem
873 1527 921 1579 l-

132 1616 299 1685 Praesensit,
313 1621 458 1685 motusque
470 1617 581 1684 excepit
592 1617 682 1684 prima
693 1615 810 1680 futuros,

132 1703 235 1757 Omnia
246 1709 307 1757 tuta
319 1704 426 1757 timens.
463 1702 566 1756 Eadem
578 1703 663 1770 impia
672 1701 757 1754 Fama
769 1700 873 1753 furenti

131 1791 242 1845 Detulit
254 1791 354 1844 armari
367 1791 481 1844 classem
493 1807 658 1859 cursumque
670 1789 769 1857 pareri.

132 1877 228 1933 Saevit
240 1877 322 1946 inops
334 1878 427 1945 animi,
442 1883 584 1946 totamque
596 1878 708 1930 incensa
719 1891 770 1943 per
782 1874 878 1928 urbem

131 1965 298 2034 Bacchatur,
313 1965 399 2034 qualis
411 1966 557 2019 commotis
570 1966 661 2019 excita
672 1967 757 2020 sacris

131 2053 242 2121 Thyias,
257 2052 305 2106 ubi
318 2052 412 2107 audito
424 2052 566 2106 stimulant
578 2052 718 2107 trieterica
730 2053 840 2108 Baccho

131 2141 220 2210 Orgia
231 2145 437 2209 nocturnusque
449 2145 531 2194 vocet
543 2140 662 2194 clamore
675 2140 834 2196 Cithaeron.

131 2228 256 2282 Tandem
269 2227 313 2280 his
324 2227 439 2281 Aenean
453 2227 599 2295 compellat
615 2228 728 2282 vocibus
740 2229 830 2282 ultro:

168 2312 375 2366 “Dissimulare
389 2312 472 2366 etiam
485 2313 607 2381 sperasti,
622 2313 734 2381 perfide,
749 2320 857 2368 tantum

131 2403 217 2456 Posse
228 2401 313 2468 ucles,
327 2399 481 2469 tacitusque
494 2416 556 2453 mea
567 2400 701 2454 decedere
713 2403 807 2456 terrai

130 2489 190 2544 Nec
203 2494 232 2542 te
243 2493 340 2541 noster
352 2503 437 2556 amor,
450 2503 502 2540 nec
513 2492 543 2540 te
554 2487 620 2541 data
631 2488 746 2543 dextere
758 2489 903 2557 quondam,

130 2577 157 2630 N
159 2595 191 2631 ec
203 2575 341 2628 moritura
353 2580 431 2627 tenet
444 2573 549 2628 crudeli
559 2575 659 2628 funere
671 2575 764 2628 Didol

131 2664 206 2730 Quin
219 2663 303 2716 etiam
316 2661 433 2715 hiberno
444 2661 550 2715 moliris
563 2661 652 2716 sidere
666 2662 788 2727 classem,

130 2751 166 2804 Et
179 2749 280 2804 mediis
292 2765 424 2817 properas
434 2748 609 2817 aquilonibus
621 2749 662 2802 ire
674 2766 725 2818 per
738 2751 832 2818 altum,

130 2838 277 2893 Grudelisi
315 2835 406 2901 Quid?
425 2836 448 2888 ei
460 2851 518 2889 non
531 2853 598 2890 arva
610 2836 698 2890 aliena
710 2837 860 2907 domosque

129 2926 243 2995 Ignotae
255 2929 371 2993 peteres,
387 2929 415 2976 et
427 2922 508 2976 Troia
522 2923 635 2992 antiqua
647 2929 778 2992 maneret,

129 3013 211 3067 Troia
223 3028 274 3081 per
286 3011 420 3064 undosum
434 3015 576 3078 peteretur
588 3010 718 3065 classibus
731 3013 852 3081 aequori

129 3099 210 3155 Mene
222 3098 318 3166 fugiet
355 3097 409 3151 Per
422 3112 473 3165 ego
485 3095 536 3149 hes
547 3096 676 3151 lacrimas
688 3098 867 3167 dextramque
880 3103 956 3153 tuam
969 3103 1033 3152 te·-

129 3187 248 3254 Quando
260 3185 336 3240 aliud
347 3184 417 3237 mihi
429 3185 485 3237 iam
497 3184 613 3238 miserae
626 3185 695 3237 nihil
708 3185 768 3253 ipse
780 3185 914 3254 reliqui-

129 3275 182 3329 Per
195 3273 314 3329 conubia
325 3277 429 3338 nostra,
444 3287 494 3339 per
506 3271 631 3339 inceptos
644 3271 818 3340 hymenaeos,

127 3364 155 3417 Si
169 3365 241 3418 bene
254 3361 319 3431 quid
333 3360 368 3412 de
381 3363 410 3412 te
422 3356 519 3425 merui,
534 3357 589 3410 fuit
601 3364 650 3411 aut
662 3358 714 3411 tibi
726 3359 872 3428 quicquam

127 3449 215 3505 Dulce
227 3465 330 3515 meum,
344 3447 476 3499 miserere
488 3445 586 3498 domus
598 3445 716 3499 labentis
729 3451 757 3498 et
770 3446 858 3510 istam,

126 3539 191 3608 Oro,
206 3539 230 3592 ei
244 3537 306 3606 quis
318 3533 410 3588 adhue
422 3533 550 3602 precibus
561 3533 645 3599 locus,
658 3549 727 3586 exue
740 3538 870 3587 mentem.
