2734 3936
479 887 508 956 P.
526 887 664 956 VTRGILI
689 885 840 956 MARONIS

402 1053 918 1132 BUOOLIOON

564 1235 756 1296 traua.

544 1535 723 1590 ECLOGA
749 1535 777 1589 1.

496 1695 662 1732 memores.
699 1693 824 1732 TITYRUS·

150 1822 219 1877 Mun.
238 1821 343 1889 Tityre,
358 1824 390 1874 tu
402 1818 512 1890 patulae
526 1819 660 1873 recubans
673 1818 723 1872 sub
736 1818 857 1886 tegmine
870 1816 927 1885 fagi

150 1907 309 1962 Silvestrem
322 1908 402 1961 tenui
414 1906 518 1961 Musam
531 1907 675 1960 meditaris
688 1921 789 1960 arena:

151 1993 208 2048 Nos
220 1995 328 2064 patriae
340 1994 403 2046 finis
416 2000 443 2047 et
456 1994 547 2047 dulcia
558 1994 706 2062 linquimus
719 2009 798 2059 arva}

151 2079 208 2134 Nos
220 2082 339 2150 patriam
352 2081 488 2148 fugimus:
509 2085 547 2147 tu,
562 2081 665 2148 Tityre,
679 2081 770 2134 lentus
782 2081 810 2132 in
825 2079 923 2134 umbra

151 2168 311 2222 Formosam
324 2185 454 2222 resonare
467 2168 549 2221 doces
563 2167 735 2236 Amaryllida
748 2167 836 2221 silvas.

150 2255 207 2308 T1r.
229 2255 252 2308 Ο
266 2255 409 2323 Meliboee,
424 2255 490 2308 deus
502 2255 582 2308 uobis
595 2255 660 2308 haee
673 2256 732 2309 otia
743 2255 816 2308 feeit.

151 2341 277 2411 Namque
290 2341 343 2394 erit
355 2341 401 2395 ille
413 2343 480 2394 mibi
495 2359 602 2410 semper
615 2343 695 2412 deus3
716 2343 790 2396 illius
802 2359 877 2396 aram

151 2429 237 2498 Saepe
249 2437 330 2483 tener
342 2430 444 2482 nostris
456 2431 490 2483 ab
504 2429 622 2483 ovilibus
635 2431 740 2484 imbuet
753 2447 846 2498 agnus

151 2516 200 2570 Ille
212 2535 288 2571 meas
300 2534 392 2571 errare
405 2517 497 2585 boves,
511 2525 543 2570 ut
556 2517 652 2584 uernis,
667 2523 695 2570 et
706 2518 797 2586 ipsum

151 2604 264 2671 Ludere,
281 2621 350 2672 quae
363 2604 468 2672 vellem,
483 2604 588 2658 calamo
600 2605 727 2672 permisit
739 2605 847 2673 agresti.
1137 2605 1170 2656 10

151 2691 222 2744 Mur.
243 2689 307 2744 Non
321 2691 448 2758 equidem
460 2691 587 2758 iuvide03
609 2693 694 2745 miror
708 2692 809 2760 magis:
831 2691 952 2761 undique
965 2692 1032 2746 totis

152 2777 245 2846 Usque
258 2777 328 2830 adeo
340 2778 468 2831 turbatur
481 2778 562 2846 agris.
599 2777 652 2836 Eu,
667 2779 726 2846 ipse
739 2778 858 2847 capellas

152 2861 281 2915 Protinus
294 2879 374 2930 aeger
386 2879 453 2930 ago,
473 2862 545 2916 haue
558 2863 640 2916 etiam
654 2863 709 2930 vix,
724 2863 826 2930 Tityre,
841 2864 920 2918 duoo.

150 2949 202 3003 Hie
214 2951 289 3002 iuter
301 2949 399 3003 densas
412 2949 521 3016 corylos
533 2950 616 3004 modo
628 2967 746 3018 namque
758 2951 896 3019 gemellos,

150 3036 233 3104 Spem
245 3036 343 3104 gregis,
358 3037 407 3090 ahi
429 3037 504 3091 silioe
516 3037 546 3090 in
558 3037 632 3091 nuda
644 3038 743 3091 ouuixa
755 3038 874 3107 reliquit.

150 3123 237 3192 Saepe
249 3123 352 3177 malurn
366 3123 419 3177 hoo
431 3125 519 3186 nobie,
535 3126 556 3177 si
569 3141 646 3178 mens
658 3141 714 3178 nou
727 3125 805 3178 laeva
817 3126 922 3194 fuisset,

149 3210 190 3264 De
203 3211 280 3265 eaelo
293 3217 380 3266 tactas
392 3212 505 3266 memini
517 3212 675 3280 praedicere
688 3229 811 3280 quereus.

150 3298 246 3367 [Saepe
259 3299 369 3354 sinistra
380 3316 449 3353 aava
461 3299 599 3371 praedixit
612 3299 646 3352 ab
658 3299 719 3352 iliee
732 3300 847 3367 cornia]
903 3289 909 3301 ’

150 3385 203 3440 Sed
215 3392 316 3452 tamen,
330 3389 384 3441 iste
396 3387 464 3441 deus
477 3388 523 3457 qui
537 3388 579 3452 sit,
595 3387 638 3455 da,
652 3387 753 3456 Tityre,
768 3389 856 3441 nobis.
951 3413 954 3420 ν

149 3473 206 3528 Trr.
227 3473 338 3541 Urbem,
354 3491 437 3544 quam
449 3474 545 3528 dicunt
557 3474 682 3540 Romam,
697 3474 840 3542 Meliboee,
855 3475 949 3544 putavi

149 3560 254 3686 Stultps
266 3579 316 3632 ego
330 3561 396 3615 huie
408 3565 519 3614 nostrae
531 3561 656 3629 similem,
672 3577 726 3629 quo
739 3577 820 3629 saepe
833 3561 951 3614 solemus
