2656 3940
491 209 629 260 vanam
651 209 815 259 annmnos
837 209 869 258 X.

173 371 332 428 Instaurant
344 371 416 426 acies
428 371 548 426 Volcani
561 372 647 440 stirpe
658 375 768 426 creatus

172 459 305 513 Caeculus
318 464 346 513 et
358 459 473 512 veniens
486 459 641 513 Marsorum
652 459 795 512 montibus
807 458 920 512 Umbro.

171 545 344 600 Dardanides
357 553 456 600 contra
468 546 544 600 furit.
581 545 705 600 Anxuris
720 562 784 600 ense
798 546 937 599 sinistram

171 634 208 688 Et
220 640 311 688 10111111
324 633 404 702 clipei
416 634 492 686 10110
505 633 643 687 deiecerat
655 633 750 686 orbem
760 652 805 700 3-

170 721 288 775 Dixerat
300 720 347 774 ille
359 720 460 789 aliquid
474 737 611 788 magnum,
626 721 738 788 vimque
751 719 849 774 adfore
861 719 948 773 verbo

171 808 341 872 Crediderat,
356 807 487 877 caeloque
499 808 622 862 animum
636 809 752 860 sortasse
764 807 879 874 ferebat,

172 895 363 964 Canitiemque
375 896 427 948 sibi
441 902 469 949 et
481 894 578 964 longos
590 895 753 964 promiserat
765 909 907 961 011110ος-

172 983 319 1052 Tarquitus
332 982 471 1036 exsultans
485 989 583 1036 contra
594 981 766 1050 fulgentibus
779 983 870 1050 armis,

172 1071 318 1126 Silvicolae
331 1071 425 1125 Fauno
440 1071 552 1140 Dryope
565 1088 646 1140 quem
659 1069 784 1139 nympha
797 1074 912 1138 crearat,

172 1159 278 1214 Obvius
290 1160 399 1214 ardenti
413 1175 471 1213 sese
484 1159 594 1212 obtulit.
632 1158 683 1211 Ille
698 1158 813 1212 reducta

171 1247 299 1301 Loricam
313 1246 447 1315 clipeique
460 1246 557 1314 ingens
570 1261 641 1298 onus
653 1245 771 1314 impedit
783 1246 876 1310 hasta3

172 1333 241 1387 Tum
253 1338 337 1403 caput
350 1335 456 1388 orantis
468 1334 634 1402 nequiquam
649 1337 676 1386 et
689 1332 777 1388 multa
789 1333 912 1401 parantis

171 1420 272 1475 Dicere
285 1421 415 1476 deturbat
427 1426 525 1489 terrae,
539 1425 724 1489 truncumque
737 1425 878 1489 tepentem

171 1508 342 1563 Provolvens
354 1508 516 1577 superhaec
528 1508 642 1562 inimico
654 1513 768 1576 pectore
783 1509 875 1562 fatur:

174 1596 191 1624 “
200 1595 266 1648 Istic
279 1612 360 1663 nunc,
375 1595 530 1663 metuende,
544 1595 611 1649 iace.
649 1594 715 1650 Non
727 1600 755 1649 te
768 1596 873 1664 optima
884 1599 974 1649 mater

172 1681 281 1735 (londet
294 1683 387 1749 humo,
401 1683 548 1751 patrioque
559 1683 687 1738 onerabit
699 1684 822 1737 membra
833 1683 975 1752 sepulcro:

171 1769 294 1822 Alitibus
306 1769 430 1838 linquere
443 1771 517 1839 feris,
532 1775 579 1824 aut
592 1771 700 1838 gurgite
713 1785 833 1824 mersum

172 1856 253 1910 Unda
265 1857 342 1925 feret,
357 1845 500 1926 piscesque
512 1857 623 1926 impasti
635 1856 750 1912 volnera
761 1857 913 1912 lambent.”

171 1943 301 1997 Protinus
313 1945 454 1999 Antaeum
467 1952 496 1998 et
508 1944 618 2009 Lucam,
633 1945 723 2012 prima
735 1945 847 2012 agmina
859 1945 952 2013 Turni,

171 2029 356 2101 Persequitur,
371 2033 529 2101 fortemque
541 2032 670 2099 Numam,
685 2032 847 2101 lrrlvumque
860 2032 1024 2102 Camertem,

170 2117 348 2187 Magnanimo
360 2119 511 2174 Volscente
524 2124 623 2188 satum,
639 2119 789 2174 ditissimus
801 2121 858 2187 agri

172 2205 225 2270 Qui
238 2207 294 2260 fuit
308 2207 489 2276 Ausonidum,
505 2214 533 2261 et
545 2207 639 2261 tacitis
652 2208 780 2274 regnavit
793 2207 927 2274 Amyclis.

171 2293 301 2362 Aegaeon
316 2294 410 2363 qualis,
425 2303 536 2350 centum
550 2295 594 2349 cui
607 2294 735 2348 bracchia
746 2295 843 2348 dicunt

172 2378 364 2448 Centenasque
376 2397 481 2449 manns,
496 2380 696 2449 quinquaginta
708 2379 803 2433 oribus
814 2381 907 2448 ignem

170 2466 386 2538 Pectoribusque
400 2469 505 2537 arsisse,
521 2469 595 2522 lovis
608 2485 669 2522 cum
683 2468 800 2522 fulmina
812 2473 910 2522 contra

170 2553 223 2608 Tot
236 2555 347 2623 paribus
360 2562 495 2625 streperet
508 2556 610 2625 clipeis,
625 2560 670 2609 tot
683 2558 831 2624 stringeret
843 2572 938 2610 enses:

171 2639 216 2693 Sic
228 2645 289 2694 toto
301 2643 412 2696 Aeneas
425 2643 548 2696 desaevit
560 2644 589 2696 in
602 2658 721 2711 aequore
733 2643 832 2710 victor,

170 2726 209 2779 Ut
222 2727 306 2780 semel
318 2729 438 2797 intepuit
451 2745 554 2784 mucro.
593 2730 667 2795 Quin
679 2747 743 2784 ecoe
756 2728 877 2799 Niphaei

171 2813 348 2882 Quadriiugis
359 2816 388 2868 in
402 2833 486 2885 equos
500 2817 669 2886 adversaque
683 2823 796 2885 pectora
808 2817 907 2871 tendit.

170 2902 264 2970 Atque
276 2902 323 2971 illi,
337 2902 420 2970 longe
433 2904 604 2970 gradientem
618 2911 645 2957 et
658 2903 719 2958 dira
730 2905 897 2958 frementem

170 2988 209 3042 Ut
221 2990 323 3058 videre,
337 2995 413 3043 metu
428 2991 499 3043 versi
513 2995 642 3059 retroque
654 2997 766 3045 ruentes

169 3075 378 3145 Effunduntque
391 3077 496 3143 ducem,
511 3073 676 3146 rapiuntque
688 3079 723 3132 ad
735 3078 818 3134 litora
830 3094 934 3134 currus.

168 3161 279 3217 Interea
291 3164 390 3232 biiugis
401 3164 487 3218 infert
500 3181 529 3218 se
542 3164 667 3233 Lucagus
679 3166 747 3219 albis

169 3247 202 3301 ln
215 3250 329 3319 medios,
343 3251 482 3320 fraterque
494 3252 590 3319 Liger,
612 3252 660 3306 sed
673 3253 757 3307 frater
769 3253 886 3308 habenis

169 3335 270 3390 Flectit
283 3353 376 3405 equos,
390 3339 517 3392 strictum
530 3344 606 3394 rotat
618 3355 681 3393 acer
693 3339 818 3407 anagns
830 3357 934 3395 ensem.

170 3422 250 3475 Haud
263 3423 327 3476 tulit
339 3422 450 3477 Aeneas
461 3430 540 3479 tanto
553 3427 661 3480 fervore
674 3427 808 3481 furentis:

169 3506 267 3576 Inruit,
282 3508 449 3578 adversaque
461 3512 558 3579 ingens
570 3515 698 3581 apparuit
710 3513 799 3568 hasta.
