2706 3938
452 235 590 285 vuucltl
612 236 777 286 AllNlllDOS
800 237 845 288 lv,

135 392 196 447 Stat
208 395 323 464 sonipes
336 412 368 449 ao
381 395 459 450 frena
469 396 550 449 ferox
562 398 720 464 spumantia
732 399 845 452 mandit.

135 480 259 535 Tandem
272 481 456 550 progreditur,
464 499 563 551 magna
575 488 696 552 stipante
709 492 828 551 caterva,

135 567 279 622 Sidoniam
293 571 369 637 picto
382 569 554 636 chlamydem
568 571 739 626 circumdata
751 572 846 626 limbo.

136 656 191 708 Oui
202 656 337 724 pharetra
349 673 383 710 ex
395 673 470 722 auro,
485 659 574 712 omnes
588 659 726 713 nodantur
739 661 767 713 in
781 677 887 728 aurum,

135 742 233 796 Aurea
245 759 413 811 purpuream
427 745 564 800 subnectit
576 745 660 800 fibula
673 755 786 801 vestem.

137 829 196 882 Nec
210 845 267 883 non
281 835 309 882 et
321 829 434 898 Phrygii
448 833 564 886 comites
576 837 605 886 et
617 832 707 886 laetus
720 833 794 887 Iulus

137 915 283 969 Incedunt.
321 915 383 984 Ipse
395 922 460 971 ante
473 918 542 972 alios
552 919 755 987 pulcherrimus
769 923 858 976 omnis

135 1003 227 1056 Infert
240 1019 269 1056 ee
282 1003 386 1056 socium
399 1004 508 1058 Aeneas
520 1011 604 1074 atque
617 1008 727 1074 agmina
740 1008 837 1076 iungit.

137 1090 236 1156 Qualis
245 1090 292 1144 ubi
304 1089 447 1144 hibernam
461 1091 574 1159 Lyciam
587 1092 748 1163 Xanthique
761 1094 865 1149 fluenta

136 1177 249 1231 Deserit
262 1194 294 1230 ac
305 1176 407 1231 Delum
420 1185 572 1234 maternam
587 1181 682 1234 invisit
697 1181 797 1250 Apollo

136 1264 332 1334 instauratque
344 1264 450 1334 choros,
465 1267 599 1335 mixtique
613 1267 711 1322 altaria
724 1270 827 1324 circum

136 1352 289 1420 Cretesque
302 1352 483 1422 Dryopesque
496 1354 621 1409 fremunt
635 1357 757 1426 pictique
771 1356 938 1425 Agatlryrai3

136 1439 199 1507 lpse
212 1440 285 1507 iugis
298 1438 401 1507 Oynthi
414 1440 547 1510 graditur,
563 1443 693 1512 mollique
706 1444 837 1498 fluentem

135 1525 249 1580 Fronde
261 1527 362 1595 premit
375 1527 478 1581 crinem
491 1528 598 1598 fingens
611 1537 694 1600 atque
706 1531 828 1600 implicat
841 1548 922 1600 auro余

135 1613 203 1667 Tela
215 1618 316 1667 sonant
328 1615 447 1669 umeris:
468 1615 541 1670 haud
554 1617 602 1672 illo
615 1619 724 1686 segnior
736 1619 795 1673 ibat

134 1701 256 1771 Aeneas,
277 1707 384 1758 tantum
405 1706 516 1774 egregio
530 1705 614 1760 decus
627 1707 714 1760 enitet
728 1723 783 1761 ore.

171 1789 323 1858 Postquam
337 1791 407 1845 altos
420 1798 532 1846 ventum
547 1793 575 1846 in
589 1795 691 1848 montis
704 1800 787 1863 atque
800 1794 875 1848 invia
888 1793 983 1864 lustra

134 1875 210 1931 Ecce
223 1877 306 1946 ferae,
320 1879 378 1933 saxi
392 1880 514 1935 deiectae
528 1881 639 1949 vertice,
655 1897 753 1949 caprae

134 1964 292 2019 Decurrere
303 1966 373 2036 iugis
383 1985 390 2034 余
411 1967 510 2021 eliade
522 1973 601 2036 parte
614 1970 735 2037 patentis

135 2051 340 2106 Transmittunt
353 2071 434 2107 cursu
446 2070 559 2124 campos
572 2061 653 2124 atque
667 2057 776 2124 agmina
789 2056 863 2110 cervi

134 2137 334 2194 Pulverulenta
347 2142 412 2209 fuge
424 2141 579 2209 glomerant
591 2143 749 2211 montisque
763 2143 931 2212 relinquunt.

134 2226 175 2279 At
187 2243 259 2295 puer
272 2227 408 2282 Ascanius
420 2228 518 2282 mediis
531 2229 560 2282 in
574 2229 691 2283 vallibus
704 2231 760 2284 acri

134 2313 247 2368 Gaudet
259 2331 337 2384 equo,
351 2316 460 2386 iamque
474 2316 525 2370 hos
538 2333 628 2386 curan,
641 2319 697 2371 iam
711 2320 843 2387 praeterit
855 2319 925 2384 illos,

135 2401 372 2471 Spumantemque
384 2403 443 2458 dari
456 2421 558 2474 pecora
573 2406 645 2458 inter
658 2405 758 2458 inertia
771 2406 845 2460 votis

134 2489 224 2557 Optat
237 2506 344 2559 aprum,
359 2495 407 2544 aut
420 2491 526 2545 fulvum
540 2491 707 2546 descendere
720 2499 815 2546 monte
829 2492 946 2548 leonem.

133 2576 248 2631 Interea
260 2594 361 2645 magno
373 2577 481 2632 misceri
494 2596 636 2633 murmure
649 2579 755 2633 caelum

133 2663 254 2733 Incipit余
273 2664 429 2734 insequitur
441 2667 590 2720 commixta
603 2667 737 2734 grandine
749 2667 874 2734 nimbus3

132 2751 170 2804 Et
183 2751 262 2818 Tyrii
275 2753 391 2805 comites
403 2752 503 2821 passim
518 2759 546 2806 et
560 2752 678 2807 Troiana
690 2754 819 2808 iuventus

133 2837 346 2908 Dardaniusque
358 2855 444 2906 nepos
457 2838 575 2893 Veneris
589 2841 698 2895 diversa
711 2858 760 2910 per
773 2858 855 2910 agros

133 2925 219 2979 Tecta
231 2931 308 2979 metu
321 2925 441 2993 petiere3
462 2932 547 2980 ruunt
559 2927 593 2980 de
606 2927 747 2982 montibus
759 2945 861 2982 amnes.

133 3011 299 3080 Speluncam
312 3011 386 3065 Dido
399 3013 455 3065 dux
468 3018 496 3068 et
511 3012 646 3067 Troianus
659 3015 774 3069 eandem

131 3098 302 3154 Dcveuiunt.
340 3099 436 3152 Prima
449 3104 476 3153 et
489 3099 581 3154 Tellus
594 3107 622 3154 et
635 3102 761 3170 pronuba
773 3101 844 3156 Iuno

131 3186 209 3240 Dant
221 3187 348 3254 signum3
368 3186 468 3240 fulsere
480 3186 559 3255 ignes
571 3194 599 3240 et
613 3189 739 3242 conscius
752 3189 849 3243 aether

132 3273 276 3340 conubiis,
291 3289 454 3341 summoque
467 3272 608 3327 ulularunt
621 3275 725 3329 vertice
738 3275 765 3327 N
766 3276 895 3346 ymphac.

132 3360 182 3414 Ille
195 3361 256 3414 dies
268 3361 375 3429 primus
388 3360 437 3413 leti
450 3360 607 3429 primusque
619 3362 754 3414 malorum

131 3447 222 3501 (lausa
233 3448 304 3508 fuit余
325 3447 501 3516 nequeenim
516 3449 606 3515 specie
616 3448 725 3502 famave
739 3456 867 3503 movetur

129 3534 191 3588 Nec
204 3536 261 3588 iam
274 3534 410 3587 furtivum
423 3532 498 3587 Dido
510 3533 660 3587 meditatur
672 3551 810 3604 amorem3

221 3632 354 3680 lta
