2668 3942
501 229 639 280 Vnaatm
661 229 828 279 Anxurnas
848 227 906 280 ΧΠ.

194 393 361 446 Discurrunt
374 391 420 446 alii
433 391 577 460 adportas
590 391 750 459 primosque
763 391 914 456 trucidant,

194 480 309 533 Ferrum
323 479 369 533 alii
382 484 515 548 torquent
528 485 556 532 et
569 478 736 532 obumbrant
749 478 864 531 aethera
877 479 951 533 telis.

194 567 257 635 lpse
269 567 342 619 inter
355 567 462 634 primos
475 565 604 619 dextram
618 564 668 617 sub
681 565 793 618 moenia
804 565 900 618 tendit

195 655 311 718 Aeneas,
326 670 482 722 magnaque
494 653 603 706 incusat
615 668 683 705 voce
699 651 834 720 Latinum,

195 741 376 811 Testaturque
388 742 455 794 deos
466 741 569 792 iterum
582 757 611 793 se
624 739 657 792 ad
671 739 776 807 proelia
789 739 860 807 cogi,

194 829 242 882 Bis
254 830 310 882 iam
323 829 409 882 Italos
420 829 517 895 hostis,
531 828 599 880 baec
612 827 666 880 iam
681 827 769 880 altera
782 826 897 880 foedera
907 827 1010 895 rumpi.

194 916 326 969 Exoritur
338 915 461 984 trepidos
471 917 545 968 inter
557 913 696 967 discordia
709 913 790 966 civis:

196 1003 297 1057 Urbem
311 1004 357 1058 alii
369 1021 491 1058 reserare
503 1002 602 1056 iubent
615 1007 644 1054 et
656 1001 778 1069 pandere
791 1005 888 1068 portas

194 1090 366 1158 Dardanidis,
381 1092 525 1160 ipsumque
537 1089 653 1143 trahunt
665 1088 694 1140 in
708 1089 819 1142 moenia
833 1103 943 1155 regem;

196 1180 282 1232 Arma
293 1180 391 1232 ferunt
402 1179 449 1232 alii
462 1184 491 1232 et
503 1185 624 1246 pergunt
637 1176 785 1230 defendere
799 1191 910 1232 muros:

194 1265 317 1319 Inclusas
329 1271 360 1318 nt
373 1283 435 1319 cum
448 1265 587 1318 latebroso
600 1265 630 1317 in
644 1264 753 1332 pumice
767 1267 862 1330 pastor

195 1352 352 1421 Vestigavit
364 1370 438 1421 apes,
452 1354 585 1422 fumoque
597 1352 724 1420 implerit
736 1367 847 1416 amar03

194 1439 262 1493 lllae
274 1441 350 1493 intus
360 1440 485 1508 trepidae
497 1457 590 1510 rerum
603 1456 652 1508 per
666 1455 747 1492 cerea
760 1441 851 1492 eastra

194 1526 368 1595 Discurrunt,
381 1527 542 1596 magnisque
554 1533 657 1582 acuunt
669 1525 835 1580 stridoribus
847 1524 917 1591 iras;

195 1613 328 1667 Volvitur
340 1619 399 1667 ater
412 1615 481 1668 odor
493 1616 589 1683 teetis3
609 1620 669 1668 tum
682 1631 823 1668 murmure
836 1629 920 1666 caeco

194 1700 274 1755 Intus
286 1717 351 1754 saxa
363 1710 477 1770 sonant3
500 1719 600 1756 vacuas
612 1704 635 1756 it
648 1703 743 1755 fumus
755 1702 789 1756 ad
802 1717 892 1754 auras.

230 1788 341 1841 Accidit
352 1788 420 1843 haee
431 1790 511 1842 fessis
523 1791 606 1843 etiam
619 1791 733 1844 fortuna
745 1789 861 1855 Latinis,

195 1875 272 1940 Quae
283 1880 371 1929 totam
385 1876 460 1930 luctu
474 1878 612 1931 concussit
624 1877 752 1931 funditus
764 1878 871 1930 urbem.

195 1962 301 2030 Regina
312 1968 343 2015 ut
356 1964 438 2017 tectis
450 1965 608 2018 venientem
622 1964 756 2032 prospicit
769 1964 888 2032 bostem,

194 2049 297 2104 Incessi
309 2067 410 2118 muros,
425 2051 498 2119 ignis
510 2051 545 2106 ad
557 2057 632 2106 tecta
644 2052 745 2120 volare,

194 2136 337 2207 Nusquam
350 2139 422 2192 acies
434 2144 532 2192 contra
543 2138 668 2206 Rutulas,
683 2140 760 2193 nulla
771 2141 881 2208 agmina
893 2140 995 2194 Turni:

165 2281 167 2286 ,
193 2225 294 2279 Infelix
306 2242 414 2294 pugnae
426 2227 554 2280 iuvenem
567 2227 597 2278 in
609 2227 760 2280 certamine
774 2227 861 2280 credit

194 2313 377 2378 Exstinctum
392 2319 427 2379 et,
439 2314 531 2367 subito
543 2320 665 2372 mentem
677 2315 788 2370 turbata
800 2315 903 2377 dolore,

194 2399 231 2453 Se
242 2419 350 2454 causam
365 2402 468 2455 clamat
480 2402 638 2470 crimenque
650 2410 788 2472 caputque
804 2405 948 2473 malorum,

194 2488 336 2556 Multaque
349 2506 400 2556 per
411 2493 546 2543 maestum
559 2489 673 2544 demens
685 2492 769 2546 effata
780 2492 912 2562 furorem,

194 2574 352 2642 Purpureos
364 2577 499 2630 moritura
511 2593 594 2637 manu
608 2577 738 2632 discindit
752 2581 878 2648 amictae,

194 2661 231 2714 Et
243 2661 346 2714 nodum
358 2663 485 2715 informis
497 2663 546 2716 leti
558 2665 638 2718 trabe
650 2667 737 2720 nectit
751 2668 785 2722 ab
798 2668 861 2722 alta

195 2748 283 2813 Quam
298 2749 402 2802 cladem
416 2751 532 2804 miserae
545 2758 689 2821 postquam
706 2771 835 2824 accepere
849 2755 972 2823 Latinae,

194 2836 264 2890 Filia
276 2837 367 2905 prima
378 2855 461 2891 manu
474 2837 561 2891 flavos
573 2839 688 2894 Lavinia
700 2843 784 2896 crinis

194 2924 231 2978 Et
243 2942 336 2979 roseas
348 2925 450 2980 laniata
462 2943 553 2994 genas,
569 2934 628 2982 tum
642 2934 734 2984 cetera
747 2931 849 2984 circum

195 3011 287 3066 Turba
298 3012 380 3079 furit3
401 3019 533 3068 resonant
544 3014 600 3068 late
614 3016 792 3084 plangoribus
805 3017 896 3072 aedes,

196 3099 267 3154 Hinc
279 3105 366 3154 totam
379 3101 477 3154 infelix
487 3091 617 3170 ¹volgatur
630 3105 704 3157 fama
717 3121 766 3172 per
777 3105 883 3158 urbem.

196 3186 353 3241 Demittunt
365 3196 484 3256 rnentes3
505 3191 528 3252 it
542 3191 626 3244 scissa
637 3197 715 3246 veste
727 3192 850 3259 Latinus,

196 3273 325 3342 Coniugis
338 3278 473 3330 attonitus
484 3278 552 3332 fatis
564 3278 693 3348 urbisque
706 3280 794 3348 ruina,

196 3359 330 3412 Canitiem
344 3363 487 3416 immundo
500 3365 639 3431 perfusam
652 3365 765 3432 pulvere
777 3371 894 3436 turpans

196 3445 351 3514 [Multaque
364 3465 392 3500 se
405 3449 520 3514 incusat
537 3452 582 3518 qui
595 3468 651 3504 non
664 3454 802 3522 acceperit
814 3462 879 3508 ante

196 3530 366 3584 Dardanium
382 3533 502 3600 Aenean,
517 3553 703 3606 generumque
716 3541 843 3594 asciverit
855 3540 950 3614 ultrol.
