2730 3936
531 220 668 272 VERGILI
692 215 857 267 AENEIDOS
880 215 912 263 ll.

217 392 403 458 Ascaniusque
417 387 559 455 omnisque
573 384 678 449 domus,
694 398 729 433 ne
742 385 850 432 vertere
863 393 955 430 secum

215 481 322 534 Cuncta
333 483 413 546 pater
426 476 539 542 fatoque
553 470 661 538 urgenti
673 467 836 521 incumbere
850 463 941 517 vellet.

215 567 353 634 Abnegat,
367 564 534 630 inceptoque
548 563 575 612 et
588 557 699 610 sedibus
711 554 807 608 haeret
819 553 848 604 in
861 551 956 604 isdem.

218 655 321 708 Rursus
332 653 361 704 in
374 666 452 704 arma
464 650 547 714 feror,
563 651 735 712 mortemque
748 640 917 694 miserrimus
929 642 1004 706 epte,

216 742 288 796 Nam
301 738 375 809 quod
387 736 531 791 consilium
545 739 592 787 ant
606 748 675 801 quae
691 731 745 783 iam
759 730 874 781 fortuna
886 724 1023 779 dabatur?

218 829 324 882 “Mene
338 827 435 880 efferre
448 823 555 892 pedem,
573 821 690 889 genitor,
705 823 734 870 te
746 832 826 886 posse
838 815 936 868 relicto

216 916 345 985 sperasti,
360 918 525 980 tantumque
538 909 618 962 nefas
632 905 724 976 patrio
738 903 840 957 excidit
853 902 921 954 oret

217 1004 245 1058 si
257 1004 326 1056 nihil
339 1020 373 1055 ex
386 1006 464 1055 tanta
476 997 589 1067 Superis
604 995 695 1064 placet
711 993 779 1045 urbe
791 989 917 1058 relinqui,

215 1092 252 1146 Et
265 1092 341 1146 sedet
354 1091 406 1144 hoe
420 1088 520 1153 animo,
535 1085 727 1154 perituraeque
744 1078 844 1132 addere
857 1076 955 1130 Troiae

216 1180 307 1250 Teque
319 1185 435 1246 tuosque
447 1175 532 1240 iuvat,
548 1177 624 1241 patet
637 1169 682 1222 isti
697 1168 779 1220 ianua
791 1165 862 1228 let03

216 1269 329 1336 lamque
342 1265 433 1319 aderit
444 1261 533 1315 multo
545 1258 649 1313 Priami
662 1256 697 1308 de
710 1253 842 1321 sanguine
855 1251 987 1319 Pyrrhus,

216 1354 320 1409 Natum
335 1358 400 1406 ante
413 1367 462 1404 ora
474 1349 568 1419 patris,
583 1351 690 1415 patrem
708 1342 754 1411 qui
769 1340 918 1393 obtruncat
930 1338 963 1391 ad
977 1353 1047 1391 aras.

217 1442 279 1495 Hoc
291 1446 358 1506 erat,
373 1439 444 1492 alma
456 1453 562 1506 parens,
579 1432 652 1503 quod
667 1447 711 1484 me
724 1445 774 1498 per
789 1426 853 1494 tela,
866 1442 917 1495 per
929 1426 1002 1493 ignis

216 1529 317 1598 Eripis,
331 1533 362 1580 ut
375 1526 472 1580 mediis
485 1525 594 1577 hostem
606 1523 636 1576 in
650 1519 844 1591 penetralibus,
862 1518 946 1582 utque

217 1616 367 1671 Ascanium
380 1619 541 1682 patremque
553 1627 643 1664 meum
658 1610 789 1676 iuxtaque
807 1603 938 1656 Creusam

217 1704 345 1756 Alterum
361 1703 390 1753 in
403 1700 516 1754 alterius
527 1707 662 1752 mactatos
675 1696 807 1764 sanguine
823 1693 953 1748 cernaml

217 1791 314 1852 Arma,
328 1787 388 1854 viri,
403 1786 473 1839 ferte
486 1801 579 1849 arma3
600 1789 682 1836 vocat
693 1783 741 1834 lux
754 1781 851 1833 ultima
863 1780 960 1832 victos

218 1876 337 1929 Reddite
348 1891 392 1926 me
404 1872 508 1926 Danais
518 1890 524 1937 ς
545 1871 627 1924 sinite
638 1871 792 1922 instaurata
804 1870 921 1922 revisam

218 1964 334 2017 Proelia.
374 1961 532 2029 Numquam
545 1974 642 2012 omnes
654 1956 736 2009 hodie
752 1957 902 2010 moriemur
915 1953 1025 2010 inulti.”

254 2051 326 2103 Hinc
338 2050 413 2102 ferro
425 2048 553 2114 accingor
565 2062 659 2098 rursus
671 2045 812 2114 clipeoque
826 2047 965 2100 sinistram

218 2137 387 2191 Insertabam
401 2141 498 2203 aptans
510 2149 608 2200 meque
621 2137 700 2185 extra
711 2137 786 2186 tecta
797 2134 927 2188 ferebam.

217 2225 290 2279 Eece
302 2230 394 2278 autem
408 2222 552 2290 complexa
564 2219 649 2289 pedes
663 2221 691 2272 in
703 2220 799 2275 limine
815 2223 936 2276 coniunx

218 2312 366 2377 Haerebat,
380 2325 550 2378 parvumque
559 2308 631 2376 patri
645 2307 777 2362 tendebat
790 2308 897 2363 Iulum:

220 2401 237 2428 ‘⁸
247 2400 275 2452 Si
288 2399 427 2467 periturns
440 2397 504 2462 abis,
520 2402 548 2449 et
560 2395 614 2448 nos'
623 2412 690 2463 rape
702 2396 730 2448 in
748 2398 840 2450 omnia
853 2403 962 2464 tecum,

219 2487 267 2540 Sin
281 2487 400 2554 aliquam
414 2491 544 2552 expertus
557 2483 675 2550 sumptis
689 2499 764 2550 spem
779 2484 859 2552 ponis
871 2485 900 2536 in
913 2483 1004 2551 armis,

219 2573 297 2626 Hane
309 2573 428 2640 primum
442 2579 533 2623 tutare
546 2569 666 2622 doraum.
708 2569 759 2622 eui
772 2587 873 2638 parvus
886 2569 969 2632 Iulus,

220 2660 270 2714 Oui
285 2665 362 2727 pater
376 2665 404 2711 et
417 2659 536 2711 coniunx
550 2659 689 2726 quondam
705 2663 753 2713 tua
766 2658 841 2712 dicta
854 2658 1012 2727 relinquorl
1024 2656 1041 2685 '’

254 2745 330 2800 Talia
343 2746 498 2798 vociferans
511 2745 615 2812 gemitu
631 2751 734 2800 tectum
750 2763 831 2799 omne
844 2744 976 2813 replebat,

220 2835 289 2887 Cum
302 2832 422 2886 subitum
436 2832 565 2901 dictuque
579 2833 666 2886 oritur
680 2833 805 2887 mirabile
819 2839 980 2886 monstrum.

219 2921 346 2990 Namque
359 2937 455 2974 manus
468 2921 541 2973 inter
557 2928 780 2990 maestorumque
794 2938 842 2975 ora
855 2925 1002 2990 parentum

219 3009 291 3062 Ecce
303 3008 371 3062 levis
384 3024 491 3061 summo
504 3008 539 3062 de
555 3010 659 3062 vertice
673 3009 746 3062 risus
756 3008 808 3062 Iuli

219 3096 346 3149 Fundere
361 3095 455 3148 lumen
471 3113 548 3164 apex,
566 3102 696 3164 tactuque
708 3096 821 3150 innoxia
835 3096 925 3149 mollis

219 3183 353 3236 Lambere
366 3181 478 3237 flamma
491 3200 582 3237 comas
595 3188 623 3235 et
638 3183 741 3236 circum
756 3188 882 3252 tempora
894 3182 979 3252 pasci.

221 3270 280 3323 Nos
293 3269 383 3338 pavidi
397 3271 537 3339 trepidare
551 3275 634 3336 metu,
651 3271 809 3339 crinemque
822 3270 984 3338 flagrantem

220 3358 357 3411 Excutere
370 3362 399 3410 et
412 3363 521 3410 sanctos
534 3357 703 3424 restinguere
717 3358 842 3411 fontibus
854 3358 934 3426 ignis.

222 3446 261 3498 At
274 3451 353 3513 pater
365 3443 502 3496 Anchises
515 3444 608 3497 oeulos
621 3443 655 3496 ed
669 3444 759 3497 sidera
771 3445 859 3499 laetus

221 3531 336 3598 Extulit,
352 3536 381 3584 et
393 3529 469 3584 eaelo
483 3529 588 3598 palmas
601 3547 664 3584 curn
677 3548 745 3585 voce
759 3533 894 3586 tetendit:
