2706 3938
433 235 571 284 VERGILI
594 233 759 282 nummos
781 233 825 282 IV.

122 398 182 454 Non
195 400 251 452 iam
264 397 425 465 coniugium
439 396 592 464 antiquum,
605 395 677 464 quod
691 394 821 462 prodidit,
836 411 893 462 oro,

119 485 178 539 Nee
190 485 310 554 pulchro
323 488 355 537 ut
367 484 447 537 Latio
460 489 552 536 careat
565 499 736 552 regnumque
748 481 902 550 relinquat3

119 571 239 640 Tempus
251 571 334 624 inane
346 576 420 639 peto,
436 570 559 639 requiem
572 570 746 638 spatiumque
757 568 856 636 furori,

118 659 193 712 Dum
206 674 269 712 mea
280 675 326 710 me
338 657 440 710 victam
453 657 551 710 doceat
563 657 676 710 fortuna
687 655 789 709 dolere.

119 746 282 799 Extremam
294 744 366 797 bauo
378 760 428 796 oro
441 743 728 809 veniam—miserere
741 741 879 795 sororis-

120 833 212 898 Quam
224 831 295 884 mihi
307 845 369 884 cum
382 829 499 897 dederis,
516 828 683 882 cumulatam
696 833 785 882 morte
797 828 966 882 remittam.’'

93 904 112 944 i
155 919 269 973 Talibus
281 919 387 986 orabat,
403 917 519 986 talisque
532 916 687 970 miserrima
698 914 778 969 fletus

119 1008 242 1076 Fertque
255 1005 393 1072 refertque
406 1019 492 1056 soror.
530 1003 584 1056 Sed
596 1003 679 1056 nullis
691 1003 737 1056 ille
749 1008 878 1057 movetur

119 1094 255 1160 Fletibus,
271 1097 319 1145 aut
330 1107 413 1145 voees
425 1090 496 1144 ullas
509 1090 663 1144 mactabilis
675 1089 769 1144 audit:

120 1182 191 1236 Fata
204 1180 326 1247 obstant,
341 1177 517 1247 placidasque
531 1178 584 1230 viri
596 1177 665 1230 deus
677 1177 796 1231 obstruit
809 1176 892 1231 auris.

119 1269 164 1323 Ae
176 1267 256 1321 velut
269 1282 373 1320 annoso
387 1265 504 1320 validam
517 1281 579 1318 eum
592 1265 693 1318 robore
706 1279 837 1333 quereum

120 1355 220 1424 Alpini
232 1353 337 1407 Boreae
349 1369 423 1406 nunc
436 1353 501 1406 hine
513 1368 586 1405 nunc
598 1350 709 1406 flatibus
720 1351 797 1405 illino

119 1443 226 1496 Eruere
237 1442 312 1494 inter
324 1457 353 1494 se
366 1446 489 1506 certant3
509 1439 533 1493 it
544 1439 655 1500 stridor,
670 1445 699 1492 et
711 1439 782 1493 altae

121 1531 314 1584 Consternant
327 1533 430 1582 terram
445 1544 576 1582 concusso
589 1527 683 1596 stipite
695 1527 824 1594 frondee3

120 1618 186 1686 lpsa
198 1617 296 1669 haeret
308 1615 435 1684 scopulis,
447 1620 483 1682 et,
499 1619 633 1684 quantum
646 1613 750 1690 vertice
763 1613 798 1667 ad
811 1630 892 1668 auras

120 1703 280 1766 Aetherias,
294 1707 403 1756 tantum
417 1701 508 1756 radice
520 1702 550 1754 in
562 1701 678 1754 Tartara
690 1699 796 1754 tendit:

120 1792 205 1846 Haud
218 1809 296 1846 secus
309 1792 428 1847 adsiduis
441 1793 505 1846 hine
518 1797 600 1860 atque
612 1791 676 1844 hinc
689 1790 803 1844 vocibus
814 1788 898 1840 heros

87 1879 90 1884 ’
122 1879 267 1947 Tenditur,
283 1884 312 1934 et
323 1895 424 1948 magno
438 1879 574 1948 persentit
587 1884 698 1947 pectore
711 1893 806 1941 ourae3

121 1967 200 2021 Mens
213 1966 328 2021 immota
346 1974 449 2037 manet,
471 1967 603 2021 lacrimae
615 1965 766 2019 volvuntur
777 1964 882 2017 inanes.

155 2058 226 2112 Tum
239 2074 307 2112 vero
319 2055 417 2108 infelix
430 2056 497 2109 fatis
509 2057 643 2112 exterrita
655 2055 728 2110 Dido

121 2143 242 2199 Mortem
256 2151 333 2214 orat3
353 2146 448 2200 taedet
461 2146 529 2200 caeli
542 2163 666 2200 convexa
677 2146 758 2200 tueri.

121 2231 184 2296 Quo
197 2232 285 2300 magis
296 2232 439 2302 inceptum
453 2238 569 2301 peraget
581 2233 726 2302 lucemque
738 2232 883 2302 relinquat,

122 2319 210 2387 Vidit,
225 2321 382 2376 turicremis
395 2337 457 2374 cum
470 2321 544 2374 dona
554 2320 711 2390 imponeret
723 2320 814 2376 arie-

120 2407 301 2468 Hor-rendum
313 2407 520 2462 diota-latices
531 2408 687 2481 nigrescere
699 2423 791 2461 saeros

120 2495 247 2564 Fusaqne
260 2495 290 2547 in
303 2496 451 2548 obscenum
465 2512 494 2548 se
506 2509 615 2549 vertere
629 2495 694 2548 vina
706 2509 839 2549 cruorem.

121 2581 183 2636 Hoc
196 2583 287 2634 visum
299 2582 376 2649 nulli,
390 2599 446 2636 non
459 2583 512 2651 ipsi
526 2583 609 2636 effata
621 2583 718 2636 sorori.

120 2669 273 2723 Praeterea
283 2669 337 2724 fuit
349 2669 378 2722 in
390 2670 472 2723 tectis
484 2669 518 2723 de
529 2686 669 2724 marmore
680 2669 813 2738 templum

122 2757 258 2825 Coniugis
270 2757 384 2825 antiqui,
400 2757 470 2810 miro
484 2757 556 2825 quod
569 2757 675 2811 honore
688 2757 805 2825 colebat,

121 2844 281 2898 Velleribus
294 2845 381 2898 niveis
395 2850 423 2898 et
435 2844 506 2899 festa
517 2845 617 2898 fronde
629 2845 799 2898 revinctum:

122 2931 195 2987 Hine
208 2931 333 2986 exaudiri
346 2949 430 2986 voces
442 2938 469 2986 et
482 2933 566 2986 verba
580 2933 703 2986 vocant-is

122 3019 191 3074 Visa
203 3020 265 3081 viri,
280 3021 336 3074 nox
350 3037 412 3073 cum
424 3024 514 3074 terras
527 3021 644 3074 obscure
656 3025 778 3086 teneret3

122 3107 242 3177 Solaque
255 3107 420 3162 culminibus
432 3107 510 3161 ferali
525 3108 646 3161 carmine
658 3108 733 3161 bubo

122 3194 209 3264 Saepe
223 3194 302 3264 queri
315 3200 344 3248 et
355 3195 453 3262 longae
464 3195 494 3246 in
507 3193 602 3248 fletum
616 3195 715 3249 ducere
728 3211 824 3257 voces:

123 3281 266 3351 Multaque
276 3287 423 3351 praeterea
436 3287 530 3334 vatum
544 3281 687 3350 praedicta
699 3282 822 3350 priorum

122 3369 247 3424 Terribili
259 3371 369 3423 monitu
382 3367 555 3422 horrificant.
594 3369 661 3436 Agit
673 3369 731 3436 ipse
744 3370 884 3422 furentem

122 3457 153 3510 ln
166 3457 270 3512 somnis
282 3458 358 3512 ferne
371 3455 498 3520 Aeneas3
519 3471 681 3522 semperque
694 3455 812 3522 relinqui

122 3544 184 3598 Sola
195 3546 251 3616 sibi,
269 3561 381 3615 semper
394 3542 506 3609 longam
520 3541 682 3595 incomitata
695 3541 805 3594 videtur
