2656 3940
512 213 649 262 VERGILI
673 212 837 263 nunninus
860 213 890 262 X.

194 371 256 426 Hoe
268 372 379 428 virtutis
390 390 467 443 opus.
505 374 602 429 Troiae
615 376 664 429 sub
677 375 823 430 moenibus
836 373 899 429 altis

193 459 247 514 'lot
258 461 334 528 gnati
348 462 473 518 cecidere
485 463 584 530 deum3
606 463 672 532 quin
685 463 786 516 oceidit
799 479 855 516 una

194 545 344 617 Sarpedon,
359 565 421 603 mea
432 551 585 619 progenies.
622 549 715 604 Etiam
728 566 777 604 sua
789 548 913 602 Turnum

194 633 262 688 Fata
273 643 382 704 vocant,
397 644 538 706 metasque
551 637 610 691 dati
623 636 800 706 pervenitad
813 636 902 690 aevi.''

194 720 239 775 Sia
252 723 297 790 ait,
313 729 394 791 atque
408 724 503 777 oeulos
516 724 681 778 Rutulorum
695 725 774 778 reieit
786 724 868 779 arvis.

193 807 234 861 At
246 808 337 864 Pallas
351 811 455 878 magnis
468 812 572 864 emittit
585 812 690 865 viribus
703 812 819 879 hastam,

193 895 357 965 Vaginaque
369 914 438 952 aava
449 897 601 967 fulgentem
615 898 718 968 deripit
731 914 833 952 ensem.

193 982 244 1036 Illa
258 984 359 1052 volans,
373 987 461 1038 umeri
475 991 592 1054 surgunt
604 1003 658 1054 qua
669 986 791 1054 tegmina
802 1003 917 1055 summa,

192 1069 302 1140 Inoidit,
317 1077 407 1140 atque,
422 1073 496 1126 viam
510 1073 591 1142 olipei
604 1072 701 1127 molita
713 1089 762 1142 per
775 1090 845 1142 oras,

193 1156 314 1211 Tandem
327 1160 410 1213 etiam
423 1176 523 1227 magno
537 1160 647 1213 strinxit
659 1160 695 1213 de
707 1176 822 1229 corpore
835 1161 927 1215 Turni.

193 1245 247 1299 Hie
259 1245 367 1299 'furnus
379 1247 453 1300 ferro
465 1247 618 1316 praefixum
630 1249 716 1301 robur
728 1254 810 1301 aouto

193 1331 225 1384 ln
238 1332 365 1388 Pallanta
376 1334 423 1386 diu
435 1334 541 1388 librans
553 1335 625 1401 iaoit,
640 1343 723 1403 atque
735 1335 775 1388 ita
786 1335 863 1388 fatur
873 1353 879 1388 :

193 1420 211 1449 ‘⁸
219 1420 327 1489 Aspice,
341 1438 407 1474 num
420 1439 500 1490 mage
512 1423 547 1476 sit
559 1428 684 1476 nostrum
699 1421 869 1490 penetrabile
881 1421 996 1476 telum.'’

192 1506 308 1562 Dixerat
319 1527 324 1574 ς
346 1514 374 1562 at
388 1509 513 1578 elipeum,
528 1514 572 1562 tot
583 1509 648 1563 ferri
661 1515 746 1578 terge,
762 1513 805 1562 tot
818 1496 896 1578 aeris,

192 1595 281 1660 Quem
293 1595 373 1663 pellis
385 1598 488 1650 totiens
500 1597 583 1650 obeat
595 1596 765 1651 oiroumdata
776 1597 857 1665 tauri,

192 1682 322 1737 Vibranti
335 1683 455 1737 medium
469 1686 560 1753 euspis
572 1685 779 1738 transverberet
789 1684 856 1753 ietu,

191 1769 358 1838 Lorieaeque
370 1787 462 1824 moras
475 1779 504 1824 et
516 1777 613 1841 peetus
626 1773 749 1840 perforat
761 1771 867 1839 ingens.

191 1856 242 1910 Ille
255 1857 327 1925 rapit
340 1858 459 1911 ualidum
471 1860 574 1912 frustra
586 1859 621 1912 de
635 1860 746 1912 volnere
759 1858 861 1912 telum:

191 1944 254 1999 Una
266 1945 415 2013 eademque
428 1947 472 1999 via
484 1948 596 2012 sanguis
609 1947 769 2015 animusque
782 1952 943 2016 sequuntur.

192 2030 303 2084 Corruit
315 2030 343 2083 in
358 2031 471 2096 volnus3
493 2033 612 2085 sonitum
626 2048 708 2101 super
721 2048 797 2086 arma
810 2031 928 2100 dedere;

191 2119 227 2172 Et
240 2125 343 2173 terram
355 2120 481 2173 hostilem
495 2121 616 2174 moriens
628 2120 698 2189 petit
711 2137 759 2174 ore
772 2125 896 2174 eruente.

192 2208 281 2273 Quem
294 2207 402 2260 Turnus
414 2224 496 2276 super
509 2207 659 2261 adsistens:

193 2294 209 2322 “
218 2292 348 2357 Arcades,
369 2289 437 2347 haee
447 2294 463 2321 '’
475 2295 565 2364 inquit
579 2296 742 2350 “memores
754 2313 817 2350 mea
829 2295 903 2348 dieta
915 2294 1017 2348 referte

190 2379 340 2434 Euandro:
362 2378 477 2443 Qualem
490 2379 599 2446 meruit,
614 2379 739 2432 Pallanta
751 2379 873 2432 remitto.

191 2468 321 2536 Quisquis
333 2467 421 2520 honos
434 2467 541 2534 tumuli,
557 2466 688 2535 quidquid
701 2465 822 2520 solamen
835 2463 968 2518 humandi
980 2471 1030 2532 est,

190 2554 313 2622 Largior.
351 2553 433 2607 Haud
446 2553 486 2606 illi
499 2555 611 2608 stabunt
624 2554 731 2608 Aeneia
742 2570 829 2622 parvo

191 2640 346 2710 Hospitia.”
383 2640 420 2694 Et
431 2640 512 2694 laevo
524 2640 624 2709 pressit
635 2641 713 2709 pede,
727 2640 795 2695 talia
807 2641 889 2708 fatue,

191 2728 362 2795 Exanimem,
377 2728 486 2796 rapiens
498 2728 630 2781 immania
643 2728 767 2796 pondera
779 2727 870 2796 baltei,

190 2816 411 2885 Impressumque
425 2815 514 2869 nefas:
536 2815 653 2870 unasub
666 2822 748 2868 noete
760 2815 844 2882 iugali

190 2904 277 2959 (laesa
289 2919 387 2956 manns
399 2903 530 2956 iuvenum
543 2901 633 2970 foede,
649 2902 819 2970 thalamique
833 2901 959 2966 eruenti;

191 2992 267 3056 Quae
281 2990 384 3044 Olonus
396 2989 544 3056 Eurytides
557 2989 644 3042 multo
657 2989 811 3043 caelaverat
823 3005 907 3056 aur03

190 3080 252 3145 Quo
264 3095 338 3132 nune
351 3079 459 3131 Turnus
472 3084 538 3131 ovat
549 3075 638 3144 spolio
650 3075 804 3146 gaudetque
816 3077 930 3145 potitus.

190 3165 291 3219 Nescia
303 3182 381 3219 mens
393 3164 536 3218 hominum
549 3164 598 3217 fati
612 3163 749 3232 sortisque
760 3163 879 3231 futurae,

189 3252 226 3306 Et
238 3269 347 3306 servare
360 3251 481 3319 modum,
495 3251 578 3304 rebus
590 3250 698 3304 sublata
710 3250 852 3304 secundis!

189 3339 281 3392 Turno
294 3347 403 3406 tempus
416 3339 477 3402 erit,
490 3354 591 3405 magno
603 3353 666 3390 oum
678 3337 816 3407 optaverit
828 3342 952 3405 emptum

190 3425 328 3478 Intaetum
343 3423 477 3490 Pallanta,
493 3430 521 3477 et
534 3441 596 3476 eum
609 3423 698 3492 spolia
710 3424 764 3477 ista
775 3423 903 3493 diemque

190 3511 296 3564 Oderit.
334 3511 374 3562 At
386 3510 452 3562 soeii
465 3509 553 3564 multo
565 3510 670 3577 gemitu
682 3510 857 3579 lacrimisque
