2730 3936
460 909 488 977 P.
513 910 652 979 vuueri}
676 912 829 982 nitelis

350 1091 389 1169 G
421 1093 457 1166 E
491 1093 527 1170 O
561 1095 600 1170 R
634 1095 672 1172 G
705 1097 727 1172 I
762 1097 796 1174 O
831 1098 867 1175 Ο
900 1095 942 1176 N

446 1287 581 1349 uranu
609 1291 831 1376 quaterue.

558 1489 733 1500 -ῄ

131 1611 281 1668 Pnornrus
294 1614 362 1668 aerii
374 1613 464 1668 mellis
477 1616 605 1673 caelestia
617 1619 691 1674 dona

131 1699 283 1769 Exsequar.
321 1700 401 1755 Hanc
414 1701 504 1772 etiem,
520 1703 671 1775 Maecenas,
686 1708 777 1776 aspice
790 1713 905 1777 partem.

133 1786 308 1842 Admiranda
320 1788 371 1842 tibi
383 1789 486 1844 levium
498 1793 653 1859 spectacula
664 1810 758 1848 rerum

131 1871 378 1945 Magnanimosque
391 1877 475 1932 duces
489 1877 630 1948 totiusque
643 1880 739 1934 ordine
752 1883 843 1950 gentis

131 1961 226 2018 Mores
239 1969 267 2017 et
279 1962 370 2018 studia
383 1969 410 2017 et
422 1965 539 2033 populos
552 1971 579 2020 et
593 1967 699 2035 proelia
711 1967 809 2023 dicam.

33 2109 35 2112 ,
132 2049 164 2103 ln
178 2051 258 2104 tenui
270 2049 365 2119 labor3
387 2056 416 2104 ut
426 2052 518 2105 tenuis
532 2068 587 2106 non
600 2053 696 2122 gloria,
711 2056 829 2124 siquem

131 2135 257 2192 Numine
268 2137 347 2192 laeva
359 2138 453 2192 sinunt
466 2138 596 2208 auditque
611 2147 724 2196 vocatus
735 2141 844 2211 Apollo,

166 2224 311 2294 Principio
323 2225 401 2280 sedes
414 2225 511 2292 apibus
523 2227 660 2297 statioque
672 2229 800 2298 petenda,

131 2310 195 2376 Quo
207 2331 299 2388 neque
312 2313 348 2366 sit
360 2315 450 2367 ventis
462 2315 652 2370 aditus-nam
664 2316 764 2383 pabula
776 2317 853 2369 venti

130 2397 217 2455 Ferre
230 2402 341 2456 domum
355 2403 628 2473 prohibent-neque
641 2419 706 2457 oves
718 2403 853 2472 haedique
865 2405 969 2472 petulci

129 2485 258 2542 Floribus
270 2490 411 2557 insultent,
428 2497 475 2546 aut
489 2507 583 2546 errans
594 2490 695 2545 bucula
707 2507 805 2558 campo

129 2573 263 2630 Decutiat
275 2593 373 2648 rorem,
388 2587 416 2632 et
428 2579 564 2649 surgentis
576 2583 679 2634 atterat
691 2577 798 2632 herbae.

129 2663 233 2717 Absint
245 2669 273 2718 et
286 2665 352 2733 picti
364 2666 517 2736 squalentia
529 2672 608 2735 terga
618 2666 716 2720 lacerti

129 2749 284 2820 Pinguibus
297 2769 313 2807 a
325 2753 446 2822 stabulis,
461 2771 650 2823 meropesque,
665 2753 788 2822 aliaeque
800 2752 935 2822 volucres,

128 2837 166 2891 Et
178 2839 305 2894 manibus
317 2840 425 2895 Procne
438 2847 535 2910 pectus
548 2842 655 2910 signata
667 2841 806 2895 cruentis:

129 2924 229 2980 Omnia
240 2942 306 2981 nam
318 2927 374 2982 late
387 2933 505 2996 vastant,
519 2929 645 2998 ipsasque
658 2927 777 2982 voluntis
878 2935 884 2949 ·

129 3011 184 3066 Ore
195 3013 292 3069 ferunt
304 3014 411 3070 dulcem
424 3015 498 3070 nidis
510 3015 663 3070 immitibus
676 3032 775 3070 escam.

129 3101 168 3154 At
179 3101 277 3171 liquidi
289 3103 383 3157 fontes
396 3108 424 3157 et
436 3108 534 3171 stagna
547 3103 665 3158 virentia
676 3119 772 3157 musco

129 3187 237 3258 Adeint,
252 3195 281 3244 et
293 3191 384 3245 tenuis
396 3191 505 3260 fugiens
518 3207 567 3259 per
579 3190 704 3259 gramina
715 3190 799 3257 rivus,

129 3274 275 3347 Palmaque
287 3278 456 3333 vestibulum
468 3279 625 3346 adtingens
637 3277 755 3331 oleaster
767 3276 917 3348 inumbret,

128 3361 171 3432 Ut,
186 3382 246 3418 cum
260 3367 350 3435 prima
362 3367 428 3419 novi
439 3365 542 3420 ducent
555 3365 686 3420 examina
697 3381 777 3433 reges

128 3449 200 3506 Vere
212 3470 269 3522 suo,
283 3453 418 3522 ludetque
430 3451 501 3506 sevis
513 3452 613 3506 emissa
624 3453 763 3522 iuventus,

128 3534 224 3594 Vicina
235 3541 336 3596 invitet
349 3539 485 3594 decedere
498 3539 557 3608 ripa
569 3539 661 3606 calori,
