<?xml version="1.0" encoding="UTF-8"?>
<!DOCTYPE html PUBLIC "-//W3C//DTD XHTML 1.0 Transitional//EN"
    "http://www.w3.org/TR/xhtml1/DTD/xhtml1-transitional.dtd">
<html xmlns="http://www.w3.org/1999/xhtml" xml:lang="en" lang="en">
 <head>
  <title>
</title>
<meta http-equiv="Content-Type" content="text/html;charset=utf-8" />
  <meta name='ocr-system' content='tesseract 3.04.00' />
  <meta name='ocr-capabilities' content='ocr_page ocr_carea ocr_par ocr_line ocrx_word'/>
</head>
<body>
  <div class='ocr_page' id='page_1' title='image "./arevisedtextpoe00virggoog_0275.png"; bbox 0 0 2706 3938; ppageno 0'>
   <div class='ocr_carea' id='block_1_1' title="bbox 425 217 830 270">
    <p class='ocr_par' dir='ltr' id='par_1_1' title="bbox 425 217 830 270">
     <span class='ocr_line' id='line_1_1' title="bbox 425 217 830 270; baseline 0.002 -2"><span class='ocrx_word' id='word_1_1' title='bbox 425 220 563 270; x_wconf 75' lang='lat' dir='ltr'>vunnim</span> <span class='ocrx_word' id='word_1_2' title='bbox 585 217 751 268; x_wconf 75' lang='lat' dir='ltr'>AENEIDOS</span> <span class='ocrx_word' id='word_1_3' title='bbox 773 217 830 269; x_wconf 90' lang='lat' dir='ltr'>VII.</span> 
     </span>
    </p>
   </div>
   <div class='ocr_carea' id='block_1_2' title="bbox 124 378 890 1764">
    <p class='ocr_par' dir='ltr' id='par_1_2' title="bbox 131 378 794 436">
     <span class='ocr_line' id='line_1_2' title="bbox 131 378 794 436; baseline 0.005 -5"><span class='ocrx_word' id='word_1_4' title='bbox 131 378 185 433; x_wconf 88' lang='lat' dir='ltr'>Hoc</span> <span class='ocrx_word' id='word_1_5' title='bbox 196 384 223 434; x_wconf 89' lang='lat' dir='ltr'>et</span> <span class='ocrx_word' id='word_1_6' title='bbox 236 385 294 432; x_wconf 87' lang='lat' dir='ltr'>tum</span> <span class='ocrx_word' id='word_1_7' title='bbox 308 379 446 436; x_wconf 75' lang='lat' dir='ltr'>Aeneadis</span> <span class='ocrx_word' id='word_1_8' title='bbox 458 381 580 434; x_wconf 90' lang='lat' dir='ltr'>indicere</span> <span class='ocrx_word' id='word_1_9' title='bbox 594 381 666 434; x_wconf 87' lang='lat' dir='ltr'>bella</span> <span class='ocrx_word' id='word_1_10' title='bbox 679 380 794 434; x_wconf 83' lang='lat' dir='ltr'>Latinus</span> 
     </span>
    </p>

    <p class='ocr_par' dir='ltr' id='par_1_3' title="bbox 129 465 777 624">
     <span class='ocr_line' id='line_1_3' title="bbox 130 465 777 537; baseline 0.003 -19"><span class='ocrx_word' id='word_1_11' title='bbox 130 465 199 519; x_wconf 89' lang='lat' dir='ltr'>More</span> <span class='ocrx_word' id='word_1_12' title='bbox 211 467 356 520; x_wconf 87' lang='lat' dir='ltr'>iubebatur</span> <span class='ocrx_word' id='word_1_13' title='bbox 369 468 510 537; x_wconf 86' lang='lat' dir='ltr'>tristisque</span> <span class='ocrx_word' id='word_1_14' title='bbox 523 468 664 522; x_wconf 73' lang='lat' dir='ltr'>recludere</span> <span class='ocrx_word' id='word_1_15' title='bbox 677 475 777 536; x_wconf 89' lang='lat' dir='ltr'>portas.</span> 
     </span>
     <span class='ocr_line' id='line_1_4' title="bbox 129 555 754 624; baseline 0.002 -18"><span class='ocrx_word' id='word_1_16' title='bbox 129 555 265 608; x_wconf 84' lang='lat' dir='ltr'>Abstinuit</span> <span class='ocrx_word' id='word_1_17' title='bbox 278 560 352 608; x_wconf 85' lang='lat' dir='ltr'>tactu</span> <span class='ocrx_word' id='word_1_18' title='bbox 368 566 454 623; x_wconf 82' lang='lat' dir='ltr'>pater,</span> <span class='ocrx_word' id='word_1_19' title='bbox 470 572 636 624; x_wconf 87' lang='lat' dir='ltr'>aversusque</span> <span class='ocrx_word' id='word_1_20' title='bbox 650 555 754 623; x_wconf 81' lang='lat' dir='ltr'>refugit</span> 
     </span>
    </p>

    <p class='ocr_par' dir='ltr' id='par_1_4' title="bbox 128 641 835 798">
     <span class='ocr_line' id='line_1_5' title="bbox 129 641 835 709; baseline 0.006 -17"><span class='ocrx_word' id='word_1_21' title='bbox 129 641 213 696; x_wconf 83' lang='lat' dir='ltr'>Foeda</span> <span class='ocrx_word' id='word_1_22' title='bbox 224 642 385 709; x_wconf 85' lang='lat' dir='ltr'>ministeria,</span> <span class='ocrx_word' id='word_1_23' title='bbox 400 649 428 696; x_wconf 85' lang='lat' dir='ltr'>et</span> <span class='ocrx_word' id='word_1_24' title='bbox 441 643 530 697; x_wconf 87' lang='lat' dir='ltr'>caecis</span> <span class='ocrx_word' id='word_1_25' title='bbox 543 659 572 696; x_wconf 89' lang='lat' dir='ltr'>sa</span> <span class='ocrx_word' id='word_1_26' title='bbox 585 642 709 696; x_wconf 76' lang='lat' dir='ltr'><strong>condidit</strong></span> <span class='ocrx_word' id='word_1_27' title='bbox 723 642 835 696; x_wconf 89' lang='lat' dir='ltr'>umbris.</span> 
     </span>
     <span class='ocr_line' id='line_1_6' title="bbox 128 729 753 798; baseline 0.003 -17"><span class='ocrx_word' id='word_1_28' title='bbox 128 729 188 782; x_wconf 87' lang='lat' dir='ltr'>Tum</span> <span class='ocrx_word' id='word_1_29' title='bbox 202 731 298 798; x_wconf 88' lang='lat' dir='ltr'>regina</span> <span class='ocrx_word' id='word_1_30' title='bbox 309 730 389 783; x_wconf 90' lang='lat' dir='ltr'>deum</span> <span class='ocrx_word' id='word_1_31' title='bbox 405 730 481 784; x_wconf 88' lang='lat' dir='ltr'>caelo</span> <span class='ocrx_word' id='word_1_32' title='bbox 494 730 606 798; x_wconf 87' lang='lat' dir='ltr'>delapsa</span> <span class='ocrx_word' id='word_1_33' title='bbox 618 730 753 783; x_wconf 88' lang='lat' dir='ltr'>morantis</span> 
     </span>
    </p>

    <p class='ocr_par' dir='ltr' id='par_1_5' title="bbox 128 816 781 886">
     <span class='ocr_line' id='line_1_7' title="bbox 128 816 781 886; baseline 0.003 -18"><span class='ocrx_word' id='word_1_34' title='bbox 128 816 233 885; x_wconf 83' lang='lat' dir='ltr'>Impulit</span> <span class='ocrx_word' id='word_1_35' title='bbox 244 819 305 886; x_wconf 89' lang='lat' dir='ltr'>ipsa</span> <span class='ocrx_word' id='word_1_36' title='bbox 317 833 400 871; x_wconf 90' lang='lat' dir='ltr'>manu</span> <span class='ocrx_word' id='word_1_37' title='bbox 414 823 516 886; x_wconf 87' lang='lat' dir='ltr'>portas,</span> <span class='ocrx_word' id='word_1_38' title='bbox 534 825 562 870; x_wconf 90' lang='lat' dir='ltr'>et</span> <span class='ocrx_word' id='word_1_39' title='bbox 575 816 687 870; x_wconf 88' lang='lat' dir='ltr'>cardine</span> <span class='ocrx_word' id='word_1_40' title='bbox 699 832 781 870; x_wconf 83' lang='lat' dir='ltr'>verae</span> 
     </span>
    </p>

    <p class='ocr_par' dir='ltr' id='par_1_6' title="bbox 126 902 689 975">
     <span class='ocr_line' id='line_1_8' title="bbox 126 902 689 975; baseline 0.002 -18"><span class='ocrx_word' id='word_1_41' title='bbox 126 902 189 958; x_wconf 90' lang='lat' dir='ltr'>Belli</span> <span class='ocrx_word' id='word_1_42' title='bbox 203 906 321 960; x_wconf 85' lang='lat' dir='ltr'>ferratos</span> <span class='ocrx_word' id='word_1_43' title='bbox 333 907 437 975; x_wconf 82' lang='lat' dir='ltr'>rumpit</span> <span class='ocrx_word' id='word_1_44' title='bbox 452 905 582 959; x_wconf 80' lang='lat' dir='ltr'>Saturnia</span> <span class='ocrx_word' id='word_1_45' title='bbox 594 903 689 972; x_wconf 86' lang='lat' dir='ltr'>postis.</span> 
     </span>
    </p>

    <p class='ocr_par' dir='ltr' id='par_1_7' title="bbox 124 990 890 1764">
     <span class='ocr_line' id='line_1_9' title="bbox 126 990 825 1061; baseline 0 -18"><span class='ocrx_word' id='word_1_46' title='bbox 126 992 208 1046; x_wconf 86' lang='lat' dir='ltr'>Ardet</span> <span class='ocrx_word' id='word_1_47' title='bbox 219 993 340 1048; x_wconf 81' lang='lat' dir='ltr'>inexcita</span> <span class='ocrx_word' id='word_1_48' title='bbox 355 995 477 1048; x_wconf 87' lang='lat' dir='ltr'>Ausonia</span> <span class='ocrx_word' id='word_1_49' title='bbox 490 1001 572 1061; x_wconf 82' lang='lat' dir='ltr'>atque</span> <span class='ocrx_word' id='word_1_50' title='bbox 585 990 734 1044; x_wconf 90' lang='lat' dir='ltr'>immobilis</span> <span class='ocrx_word' id='word_1_51' title='bbox 746 995 825 1057; x_wconf 86' lang='lat' dir='ltr'>aute;</span> 
     </span>
     <span class='ocr_line' id='line_1_10' title="bbox 126 1077 827 1150; baseline -0.003 -19"><span class='ocrx_word' id='word_1_52' title='bbox 126 1077 187 1133; x_wconf 86' lang='lat' dir='ltr'>Pars</span> <span class='ocrx_word' id='word_1_53' title='bbox 198 1081 282 1149; x_wconf 87' lang='lat' dir='ltr'>pedes</span> <span class='ocrx_word' id='word_1_54' title='bbox 295 1082 336 1134; x_wconf 90' lang='lat' dir='ltr'>ire</span> <span class='ocrx_word' id='word_1_55' title='bbox 349 1087 429 1150; x_wconf 87' lang='lat' dir='ltr'>parat</span> <span class='ocrx_word' id='word_1_56' title='bbox 442 1080 552 1149; x_wconf 86' lang='lat' dir='ltr'>campis,</span> <span class='ocrx_word' id='word_1_57' title='bbox 571 1095 636 1147; x_wconf 89' lang='lat' dir='ltr'>pars</span> <span class='ocrx_word' id='word_1_58' title='bbox 649 1077 752 1132; x_wconf 90' lang='lat' dir='ltr'>arduus</span> <span class='ocrx_word' id='word_1_59' title='bbox 764 1077 827 1130; x_wconf 87' lang='lat' dir='ltr'>altis</span> 
     </span>
     <span class='ocr_line' id='line_1_11' title="bbox 125 1163 890 1238; baseline -0.001 -20"><span class='ocrx_word' id='word_1_60' title='bbox 125 1163 331 1223; x_wconf 88' lang='lat' dir='ltr'>Pulverulentus</span> <span class='ocrx_word' id='word_1_61' title='bbox 345 1170 422 1238; x_wconf 89' lang='lat' dir='ltr'>equis</span> <span class='ocrx_word' id='word_1_62' title='bbox 434 1169 516 1236; x_wconf 79' lang='lat' dir='ltr'>iurit3</span> <span class='ocrx_word' id='word_1_63' title='bbox 541 1182 636 1221; x_wconf 88' lang='lat' dir='ltr'>omnes</span> <span class='ocrx_word' id='word_1_64' title='bbox 649 1181 727 1219; x_wconf 85' lang='lat' dir='ltr'>arma</span> <span class='ocrx_word' id='word_1_65' title='bbox 739 1167 890 1233; x_wconf 89' lang='lat' dir='ltr'>requirunt.</span> 
     </span>
     <span class='ocr_line' id='line_1_12' title="bbox 124 1250 766 1325; baseline -0.002 -19"><span class='ocrx_word' id='word_1_66' title='bbox 124 1250 187 1307; x_wconf 88' lang='lat' dir='ltr'>Pars</span> <span class='ocrx_word' id='word_1_67' title='bbox 197 1255 266 1309; x_wconf 88' lang='lat' dir='ltr'>levis</span> <span class='ocrx_word' id='word_1_68' title='bbox 278 1257 380 1325; x_wconf 83' lang='lat' dir='ltr'>clipeos</span> <span class='ocrx_word' id='word_1_69' title='bbox 393 1262 421 1310; x_wconf 87' lang='lat' dir='ltr'>et</span> <span class='ocrx_word' id='word_1_70' title='bbox 433 1255 539 1325; x_wconf 88' lang='lat' dir='ltr'>spicula</span> <span class='ocrx_word' id='word_1_71' title='bbox 551 1252 642 1306; x_wconf 87' lang='lat' dir='ltr'>lucida</span> <span class='ocrx_word' id='word_1_72' title='bbox 656 1256 766 1320; x_wconf 80' lang='lat' dir='ltr'>tergent</span> 
     </span>
     <span class='ocr_line' id='line_1_13' title="bbox 125 1340 796 1413; baseline -0.003 -20"><span class='ocrx_word' id='word_1_73' title='bbox 125 1340 226 1397; x_wconf 81' lang='lat' dir='ltr'>Arvina</span> <span class='ocrx_word' id='word_1_74' title='bbox 237 1344 342 1413; x_wconf 86' lang='lat' dir='ltr'>pingui,</span> <span class='ocrx_word' id='word_1_75' title='bbox 357 1343 540 1412; x_wconf 80' lang='lat' dir='ltr'>subiguntque</span> <span class='ocrx_word' id='word_1_76' title='bbox 551 1342 582 1394; x_wconf 94' lang='lat' dir='ltr'>in</span> <span class='ocrx_word' id='word_1_77' title='bbox 596 1345 657 1394; x_wconf 90' lang='lat' dir='ltr'>cote</span> <span class='ocrx_word' id='word_1_78' title='bbox 670 1355 796 1406; x_wconf 78' lang='lat' dir='ltr'>secures3</span> 
     </span>
     <span class='ocr_line' id='line_1_14' title="bbox 125 1426 876 1499; baseline -0.003 -17"><span class='ocrx_word' id='word_1_79' title='bbox 125 1427 254 1499; x_wconf 75' lang='lat' dir='ltr'>Signaque</span> <span class='ocrx_word' id='word_1_80' title='bbox 267 1432 341 1486; x_wconf 88' lang='lat' dir='ltr'>ferre</span> <span class='ocrx_word' id='word_1_81' title='bbox 353 1432 437 1499; x_wconf 89' lang='lat' dir='ltr'>iuvat,</span> <span class='ocrx_word' id='word_1_82' title='bbox 453 1432 614 1499; x_wconf 88' lang='lat' dir='ltr'>sonitusque</span> <span class='ocrx_word' id='word_1_83' title='bbox 630 1428 724 1482; x_wconf 90' lang='lat' dir='ltr'>audire</span> <span class='ocrx_word' id='word_1_84' title='bbox 739 1426 876 1480; x_wconf 88' lang='lat' dir='ltr'>tubarum.</span> 
     </span>
     <span class='ocr_line' id='line_1_15' title="bbox 125 1513 824 1588; baseline -0.006 -19"><span class='ocrx_word' id='word_1_85' title='bbox 125 1515 244 1588; x_wconf 80' lang='lat' dir='ltr'>Quinque</span> <span class='ocrx_word' id='word_1_86' title='bbox 257 1519 329 1574; x_wconf 89' lang='lat' dir='ltr'>adeo</span> <span class='ocrx_word' id='word_1_87' title='bbox 341 1536 457 1588; x_wconf 88' lang='lat' dir='ltr'>maguae</span> <span class='ocrx_word' id='word_1_88' title='bbox 470 1519 568 1588; x_wconf 85' lang='lat' dir='ltr'>positis</span> <span class='ocrx_word' id='word_1_89' title='bbox 583 1515 728 1570; x_wconf 87' lang='lat' dir='ltr'>incudibus</span> <span class='ocrx_word' id='word_1_90' title='bbox 743 1513 824 1566; x_wconf 89' lang='lat' dir='ltr'>urbes</span> 
     </span>
     <span class='ocr_line' id='line_1_16' title="bbox 124 1600 857 1676; baseline -0.004 -22"><span class='ocrx_word' id='word_1_91' title='bbox 124 1602 184 1658; x_wconf 82' lang='lat' dir='ltr'>Tela</span> <span class='ocrx_word' id='word_1_92' title='bbox 194 1612 313 1660; x_wconf 85' lang='lat' dir='ltr'>novant:</span> <span class='ocrx_word' id='word_1_93' title='bbox 336 1606 421 1660; x_wconf 88' lang='lat' dir='ltr'>Atina</span> <span class='ocrx_word' id='word_1_94' title='bbox 433 1613 532 1676; x_wconf 87' lang='lat' dir='ltr'>potens</span> <span class='ocrx_word' id='word_1_95' title='bbox 543 1606 681 1674; x_wconf 90' lang='lat' dir='ltr'>Tiburque</span> <span class='ocrx_word' id='word_1_96' title='bbox 698 1600 857 1670; x_wconf 88' lang='lat' dir='ltr'>superbum,</span> 
     </span>
     <span class='ocr_line' id='line_1_17' title="bbox 124 1691 834 1764; baseline -0.007 -20"><span class='ocrx_word' id='word_1_97' title='bbox 124 1691 210 1747; x_wconf 87' lang='lat' dir='ltr'>Ardea</span> <span class='ocrx_word' id='word_1_98' title='bbox 222 1694 449 1764; x_wconf 72' lang='lat' dir='ltr'>Crustumerique</span> <span class='ocrx_word' id='word_1_99' title='bbox 462 1701 489 1748; x_wconf 89' lang='lat' dir='ltr'>et</span> <span class='ocrx_word' id='word_1_100' title='bbox 502 1693 654 1762; x_wconf 88' lang='lat' dir='ltr'>turrigerae</span> <span class='ocrx_word' id='word_1_101' title='bbox 669 1692 834 1744; x_wconf 84' lang='lat' dir='ltr'>Antemnae.</span> 
     </span>
    </p>
   </div>
   <div class='ocr_carea' id='block_1_3' title="bbox 124 1774 1004 1850">
    <p class='ocr_par' dir='ltr' id='par_1_8' title="bbox 124 1774 1004 1850">
     <span class='ocr_line' id='line_1_18' title="bbox 124 1774 1004 1850; baseline -0.015 -16"><span class='ocrx_word' id='word_1_102' title='bbox 124 1778 248 1848; x_wconf 82' lang='lat' dir='ltr'>Tegmina</span> <span class='ocrx_word' id='word_1_103' title='bbox 259 1787 323 1835; x_wconf 87' lang='lat' dir='ltr'>tuta</span> <span class='ocrx_word' id='word_1_104' title='bbox 335 1787 434 1836; x_wconf 86' lang='lat' dir='ltr'>cavant</span> <span class='ocrx_word' id='word_1_105' title='bbox 448 1782 577 1850; x_wconf 82' lang='lat' dir='ltr'>capitum,</span> <span class='ocrx_word' id='word_1_106' title='bbox 592 1780 761 1847; x_wconf 88' lang='lat' dir='ltr'>flectuntque</span> <span class='ocrx_word' id='word_1_107' title='bbox 776 1774 894 1841; x_wconf 82' lang='lat' dir='ltr'>salignas</span> <span class='ocrx_word' id='word_1_108' title='bbox 994 1837 1004 1848; x_wconf 45' lang='lat'><strong>·</strong></span> 
     </span>
    </p>
   </div>
   <div class='ocr_carea' id='block_1_4' title="bbox 124 1865 906 3593">
    <p class='ocr_par' dir='ltr' id='par_1_9' title="bbox 125 1865 696 1934">
     <span class='ocr_line' id='line_1_19' title="bbox 125 1865 696 1934; baseline 0 -15"><span class='ocrx_word' id='word_1_109' title='bbox 125 1865 274 1922; x_wconf 88' lang='lat' dir='ltr'>Umbenum</span> <span class='ocrx_word' id='word_1_110' title='bbox 288 1869 387 1934; x_wconf 85' lang='lat' dir='ltr'>oratia;</span> <span class='ocrx_word' id='word_1_111' title='bbox 409 1869 454 1922; x_wconf 86' lang='lat' dir='ltr'>alii</span> <span class='ocrx_word' id='word_1_112' title='bbox 467 1868 597 1922; x_wconf 90' lang='lat' dir='ltr'>thoracas</span> <span class='ocrx_word' id='word_1_113' title='bbox 612 1874 696 1921; x_wconf 75' lang='lat' dir='ltr'>aenos</span> 
     </span>
    </p>

    <p class='ocr_par' dir='ltr' id='par_1_10' title="bbox 125 1952 717 2022">
     <span class='ocr_line' id='line_1_20' title="bbox 125 1952 717 2022; baseline 0.002 -17"><span class='ocrx_word' id='word_1_114' title='bbox 125 1952 177 2006; x_wconf 84' lang='lat' dir='ltr'>Aut</span> <span class='ocrx_word' id='word_1_115' title='bbox 188 1954 255 2008; x_wconf 85' lang='lat' dir='ltr'>levis</span> <span class='ocrx_word' id='word_1_116' title='bbox 268 1972 363 2009; x_wconf 85' lang='lat' dir='ltr'>ocreas</span> <span class='ocrx_word' id='word_1_117' title='bbox 374 1955 450 2010; x_wconf 89' lang='lat' dir='ltr'>leuto</span> <span class='ocrx_word' id='word_1_118' title='bbox 463 1955 569 2008; x_wconf 83' lang='lat' dir='ltr'>ducunt</span> <span class='ocrx_word' id='word_1_119' title='bbox 586 1960 717 2022; x_wconf 81' lang='lat' dir='ltr'>argent03</span> 
     </span>
    </p>

    <p class='ocr_par' dir='ltr' id='par_1_11' title="bbox 124 2038 899 2548">
     <span class='ocr_line' id='line_1_21' title="bbox 125 2038 894 2113; baseline 0.007 -20"><span class='ocrx_word' id='word_1_120' title='bbox 125 2038 246 2095; x_wconf 90' lang='lat' dir='ltr'>Vomeris</span> <span class='ocrx_word' id='word_1_121' title='bbox 259 2042 315 2096; x_wconf 90' lang='lat' dir='ltr'>hnc</span> <span class='ocrx_word' id='word_1_122' title='bbox 328 2049 355 2096; x_wconf 89' lang='lat' dir='ltr'>et</span> <span class='ocrx_word' id='word_1_123' title='bbox 367 2043 444 2097; x_wconf 87' lang='lat' dir='ltr'>falcis</span> <span class='ocrx_word' id='word_1_124' title='bbox 457 2044 554 2113; x_wconf 86' lang='lat' dir='ltr'>honos,</span> <span class='ocrx_word' id='word_1_125' title='bbox 570 2045 625 2098; x_wconf 89' lang='lat' dir='ltr'>huc</span> <span class='ocrx_word' id='word_1_126' title='bbox 640 2045 730 2098; x_wconf 90' lang='lat' dir='ltr'>omnis</span> <span class='ocrx_word' id='word_1_127' title='bbox 743 2045 827 2099; x_wconf 81' lang='lat' dir='ltr'>aratri</span> <span class='ocrx_word' id='word_1_128' title='bbox 892 2087 894 2093; x_wconf 94' lang='lat'><em>.</em></span> 
     </span>
     <span class='ocr_line' id='line_1_22' title="bbox 125 2127 876 2199; baseline 0.008 -20"><span class='ocrx_word' id='word_1_129' title='bbox 125 2127 205 2182; x_wconf 76' lang='lat' dir='ltr'>Gessit</span> <span class='ocrx_word' id='word_1_130' title='bbox 217 2147 311 2196; x_wconf 79' lang='lat' dir='ltr'>am0r3</span> <span class='ocrx_word' id='word_1_131' title='bbox 332 2137 485 2199; x_wconf 91' lang='lat' dir='ltr'>recoquunt</span> <span class='ocrx_word' id='word_1_132' title='bbox 498 2133 603 2199; x_wconf 87' lang='lat' dir='ltr'>patrios</span> <span class='ocrx_word' id='word_1_133' title='bbox 616 2132 775 2186; x_wconf 83' lang='lat' dir='ltr'>fornacibus</span> <span class='ocrx_word' id='word_1_134' title='bbox 791 2149 876 2186; x_wconf 91' lang='lat' dir='ltr'>enses.</span> 
     </span>
     <span class='ocr_line' id='line_1_23' title="bbox 126 2212 862 2298; baseline 0.01 -32"><span class='ocrx_word' id='word_1_135' title='bbox 126 2212 237 2270; x_wconf 84' lang='lat' dir='ltr'>Oiassica</span> <span class='ocrx_word' id='word_1_136' title='bbox 248 2217 361 2292; x_wconf 86' lang='lat' dir='ltr'>iamque</span> <span class='ocrx_word' id='word_1_137' title='bbox 373 2225 472 2271; x_wconf 88' lang='lat' dir='ltr'>sonant</span> <span class='ocrx_word' id='word_1_138' title='bbox 483 2237 489 2284; x_wconf 88' lang='lat'>;</span> <span class='ocrx_word' id='word_1_139' title='bbox 510 2219 532 2271; x_wconf 93' lang='lat' dir='ltr'>it</span> <span class='ocrx_word' id='word_1_140' title='bbox 545 2218 616 2272; x_wconf 89' lang='lat' dir='ltr'>bello</span> <span class='ocrx_word' id='word_1_141' title='bbox 629 2224 732 2298; x_wconf 75' lang='lat' dir='ltr'>tessera</span> <span class='ocrx_word' id='word_1_142' title='bbox 746 2221 862 2289; x_wconf 86' lang='lat' dir='ltr'>signum.</span> 
     </span>
     <span class='ocr_line' id='line_1_24' title="bbox 125 2300 849 2374; baseline 0.011 -22"><span class='ocrx_word' id='word_1_143' title='bbox 125 2300 172 2355; x_wconf 87' lang='lat' dir='ltr'>Hic</span> <span class='ocrx_word' id='word_1_144' title='bbox 183 2303 287 2370; x_wconf 86' lang='lat' dir='ltr'>galeam</span> <span class='ocrx_word' id='word_1_145' title='bbox 303 2303 385 2356; x_wconf 84' lang='lat' dir='ltr'>tectis</span> <span class='ocrx_word' id='word_1_146' title='bbox 397 2304 521 2373; x_wconf 89' lang='lat' dir='ltr'>trepidus</span> <span class='ocrx_word' id='word_1_147' title='bbox 534 2305 624 2374; x_wconf 79' lang='lat' dir='ltr'>rapit3</span> <span class='ocrx_word' id='word_1_148' title='bbox 646 2305 691 2360; x_wconf 89' lang='lat' dir='ltr'>ille</span> <span class='ocrx_word' id='word_1_149' title='bbox 704 2308 849 2362; x_wconf 77' lang='lat' dir='ltr'>frementis</span> 
     </span>
     <span class='ocr_line' id='line_1_25' title="bbox 125 2387 899 2464; baseline 0.009 -26"><span class='ocrx_word' id='word_1_150' title='bbox 125 2387 164 2440; x_wconf 86' lang='lat' dir='ltr'>Ad</span> <span class='ocrx_word' id='word_1_151' title='bbox 177 2390 238 2457; x_wconf 86' lang='lat' dir='ltr'>iuga</span> <span class='ocrx_word' id='word_1_152' title='bbox 250 2391 328 2458; x_wconf 85' lang='lat' dir='ltr'>cogit</span> <span class='ocrx_word' id='word_1_153' title='bbox 340 2407 438 2459; x_wconf 82' lang='lat' dir='ltr'>equ0s3</span> <span class='ocrx_word' id='word_1_154' title='bbox 461 2391 634 2461; x_wconf 89' lang='lat' dir='ltr'>clipeumque</span> <span class='ocrx_word' id='word_1_155' title='bbox 649 2411 771 2464; x_wconf 86' lang='lat' dir='ltr'>aureque</span> <span class='ocrx_word' id='word_1_156' title='bbox 783 2394 899 2448; x_wconf 86' lang='lat' dir='ltr'>trilicem</span> 
     </span>
     <span class='ocr_line' id='line_1_26' title="bbox 124 2473 768 2548; baseline 0.012 -21"><span class='ocrx_word' id='word_1_157' title='bbox 124 2473 243 2531; x_wconf 89' lang='lat' dir='ltr'>Loricam</span> <span class='ocrx_word' id='word_1_158' title='bbox 256 2477 389 2544; x_wconf 81' lang='lat' dir='ltr'>induitur,</span> <span class='ocrx_word' id='word_1_159' title='bbox 404 2478 514 2548; x_wconf 90' lang='lat' dir='ltr'>fidoque</span> <span class='ocrx_word' id='word_1_160' title='bbox 530 2480 682 2547; x_wconf 88' lang='lat' dir='ltr'>accingitur</span> <span class='ocrx_word' id='word_1_161' title='bbox 695 2497 768 2535; x_wconf 88' lang='lat' dir='ltr'>ense.</span> 
     </span>
    </p>

    <p class='ocr_par' dir='ltr' id='par_1_12' title="bbox 126 2562 906 3071">
     <span class='ocr_line' id='line_1_27' title="bbox 155 2562 906 2637; baseline 0.007 -21"><span class='ocrx_word' id='word_1_162' title='bbox 155 2562 270 2618; x_wconf 86' lang='lat' dir='ltr'>Pandite</span> <span class='ocrx_word' id='word_1_163' title='bbox 283 2581 358 2618; x_wconf 92' lang='lat' dir='ltr'>nunc</span> <span class='ocrx_word' id='word_1_164' title='bbox 370 2565 512 2632; x_wconf 81' lang='lat' dir='ltr'>Helicona,</span> <span class='ocrx_word' id='word_1_165' title='bbox 528 2567 603 2634; x_wconf 82' lang='lat' dir='ltr'>deae,</span> <span class='ocrx_word' id='word_1_166' title='bbox 623 2573 775 2637; x_wconf 85' lang='lat' dir='ltr'>cantusque</span> <span class='ocrx_word' id='word_1_167' title='bbox 788 2578 906 2636; x_wconf 89' lang='lat' dir='ltr'>movete,</span> 
     </span>
     <span class='ocr_line' id='line_1_28' title="bbox 126 2648 810 2724; baseline 0.007 -22"><span class='ocrx_word' id='word_1_168' title='bbox 126 2648 173 2714; x_wconf 81' lang='lat' dir='ltr'>Qui</span> <span class='ocrx_word' id='word_1_169' title='bbox 184 2652 256 2706; x_wconf 90' lang='lat' dir='ltr'>bello</span> <span class='ocrx_word' id='word_1_170' title='bbox 269 2653 356 2706; x_wconf 88' lang='lat' dir='ltr'>exciti</span> <span class='ocrx_word' id='word_1_171' title='bbox 367 2669 452 2720; x_wconf 79' lang='lat' dir='ltr'>reges,</span> <span class='ocrx_word' id='word_1_172' title='bbox 468 2670 538 2722; x_wconf 85' lang='lat' dir='ltr'>quae</span> <span class='ocrx_word' id='word_1_173' title='bbox 553 2671 688 2724; x_wconf 88' lang='lat' dir='ltr'>quemque</span> <span class='ocrx_word' id='word_1_174' title='bbox 702 2666 810 2711; x_wconf 81' lang='lat' dir='ltr'>secutae</span> 
     </span>
     <span class='ocr_line' id='line_1_29' title="bbox 126 2735 849 2810; baseline 0.01 -22"><span class='ocrx_word' id='word_1_175' title='bbox 126 2735 292 2807; x_wconf 81' lang='lat' dir='ltr'>Complerint</span> <span class='ocrx_word' id='word_1_176' title='bbox 305 2755 417 2807; x_wconf 89' lang='lat' dir='ltr'>campos</span> <span class='ocrx_word' id='word_1_177' title='bbox 429 2740 508 2809; x_wconf 87' lang='lat' dir='ltr'>acies,</span> <span class='ocrx_word' id='word_1_178' title='bbox 526 2741 625 2810; x_wconf 89' lang='lat' dir='ltr'>quibus</span> <span class='ocrx_word' id='word_1_179' title='bbox 639 2741 709 2795; x_wconf 87' lang='lat' dir='ltr'>Itala</span> <span class='ocrx_word' id='word_1_180' title='bbox 721 2742 775 2795; x_wconf 88' lang='lat' dir='ltr'>iam</span> <span class='ocrx_word' id='word_1_181' title='bbox 789 2747 849 2795; x_wconf 89' lang='lat' dir='ltr'>tum</span> 
     </span>
     <span class='ocr_line' id='line_1_30' title="bbox 126 2821 852 2897; baseline 0.008 -21"><span class='ocrx_word' id='word_1_182' title='bbox 126 2821 255 2880; x_wconf 85' lang='lat' dir='ltr'>Floruerit</span> <span class='ocrx_word' id='word_1_183' title='bbox 268 2834 344 2881; x_wconf 88' lang='lat' dir='ltr'>terra</span> <span class='ocrx_word' id='word_1_184' title='bbox 358 2826 429 2882; x_wconf 85' lang='lat' dir='ltr'>alma</span> <span class='ocrx_word' id='word_1_185' title='bbox 443 2827 515 2894; x_wconf 82' lang='lat' dir='ltr'>viris,</span> <span class='ocrx_word' id='word_1_186' title='bbox 533 2828 630 2897; x_wconf 91' lang='lat' dir='ltr'>quibus</span> <span class='ocrx_word' id='word_1_187' title='bbox 644 2828 742 2882; x_wconf 86' lang='lat' dir='ltr'>arserit</span> <span class='ocrx_word' id='word_1_188' title='bbox 755 2829 852 2882; x_wconf 88' lang='lat' dir='ltr'>armis:</span> 
     </span>
     <span class='ocr_line' id='line_1_31' title="bbox 126 2910 888 2984; baseline 0.008 -21"><span class='ocrx_word' id='word_1_189' title='bbox 126 2910 158 2964; x_wconf 80' lang='lat' dir='ltr'>Et</span> <span class='ocrx_word' id='word_1_190' title='bbox 169 2915 332 2968; x_wconf 86' lang='lat' dir='ltr'>meministis</span> <span class='ocrx_word' id='word_1_191' title='bbox 345 2916 427 2982; x_wconf 85' lang='lat' dir='ltr'>enim,</span> <span class='ocrx_word' id='word_1_192' title='bbox 444 2915 532 2984; x_wconf 87' lang='lat' dir='ltr'>divae,</span> <span class='ocrx_word' id='word_1_193' title='bbox 547 2921 575 2969; x_wconf 89' lang='lat' dir='ltr'>et</span> <span class='ocrx_word' id='word_1_194' title='bbox 588 2933 742 2970; x_wconf 89' lang='lat' dir='ltr'>memorare</span> <span class='ocrx_word' id='word_1_195' title='bbox 755 2917 888 2984; x_wconf 81' lang='lat' dir='ltr'>potestis3</span> 
     </span>
     <span class='ocr_line' id='line_1_32' title="bbox 126 2997 753 3071; baseline 0.01 -20"><span class='ocrx_word' id='word_1_196' title='bbox 126 2997 166 3051; x_wconf 84' lang='lat' dir='ltr'>Ad</span> <span class='ocrx_word' id='word_1_197' title='bbox 179 3017 227 3054; x_wconf 90' lang='lat' dir='ltr'>nos</span> <span class='ocrx_word' id='word_1_198' title='bbox 240 3003 289 3055; x_wconf 84' lang='lat' dir='ltr'>vix</span> <span class='ocrx_word' id='word_1_199' title='bbox 303 3002 395 3055; x_wconf 89' lang='lat' dir='ltr'>tenuis</span> <span class='ocrx_word' id='word_1_200' title='bbox 409 3002 499 3056; x_wconf 80' lang='lat' dir='ltr'>famae</span> <span class='ocrx_word' id='word_1_201' title='bbox 513 3003 667 3071; x_wconf 87' lang='lat' dir='ltr'>perlabitur</span> <span class='ocrx_word' id='word_1_202' title='bbox 680 3021 753 3057; x_wconf 87' lang='lat' dir='ltr'>aura.</span> 
     </span>
    </p>

    <p class='ocr_par' dir='ltr' id='par_1_13' title="bbox 128 3085 863 3593">
     <span class='ocr_line' id='line_1_33' title="bbox 157 3085 817 3158; baseline 0.005 -19"><span class='ocrx_word' id='word_1_203' title='bbox 157 3085 263 3142; x_wconf 86' lang='lat' dir='ltr'>Primus</span> <span class='ocrx_word' id='word_1_204' title='bbox 275 3088 329 3142; x_wconf 86' lang='lat' dir='ltr'>init</span> <span class='ocrx_word' id='word_1_205' title='bbox 342 3089 444 3142; x_wconf 92' lang='lat' dir='ltr'>bellum</span> <span class='ocrx_word' id='word_1_206' title='bbox 460 3089 609 3156; x_wconf 81' lang='lat' dir='ltr'>Tyrrhenis</span> <span class='ocrx_word' id='word_1_207' title='bbox 622 3107 701 3158; x_wconf 88' lang='lat' dir='ltr'>asper</span> <span class='ocrx_word' id='word_1_208' title='bbox 714 3091 748 3144; x_wconf 88' lang='lat' dir='ltr'>ab</span> <span class='ocrx_word' id='word_1_209' title='bbox 762 3091 817 3143; x_wconf 89' lang='lat' dir='ltr'>oris</span> 
     </span>
     <span class='ocr_line' id='line_1_34' title="bbox 128 3171 863 3246; baseline 0.008 -22"><span class='ocrx_word' id='word_1_210' title='bbox 128 3171 304 3244; x_wconf 80' lang='lat' dir='ltr'>Contemptor</span> <span class='ocrx_word' id='word_1_211' title='bbox 316 3175 410 3229; x_wconf 88' lang='lat' dir='ltr'>divom</span> <span class='ocrx_word' id='word_1_212' title='bbox 425 3175 577 3230; x_wconf 82' lang='lat' dir='ltr'>Mezentius</span> <span class='ocrx_word' id='word_1_213' title='bbox 591 3178 754 3246; x_wconf 87' lang='lat' dir='ltr'>agminaque</span> <span class='ocrx_word' id='word_1_214' title='bbox 767 3183 863 3231; x_wconf 84' lang='lat' dir='ltr'>armat.</span> 
     </span>
     <span class='ocr_line' id='line_1_35' title="bbox 128 3257 804 3332; baseline 0.009 -22"><span class='ocrx_word' id='word_1_215' title='bbox 128 3257 204 3314; x_wconf 84' lang='lat' dir='ltr'>Filius</span> <span class='ocrx_word' id='word_1_216' title='bbox 214 3262 281 3317; x_wconf 91' lang='lat' dir='ltr'>huic</span> <span class='ocrx_word' id='word_1_217' title='bbox 294 3262 373 3316; x_wconf 86' lang='lat' dir='ltr'>iuxta</span> <span class='ocrx_word' id='word_1_218' title='bbox 385 3263 498 3329; x_wconf 79' lang='lat' dir='ltr'>Lausus,</span> <span class='ocrx_word' id='word_1_219' title='bbox 513 3280 567 3331; x_wconf 92' lang='lat' dir='ltr'>quo</span> <span class='ocrx_word' id='word_1_220' title='bbox 582 3263 721 3332; x_wconf 87' lang='lat' dir='ltr'>pulchrior</span> <span class='ocrx_word' id='word_1_221' title='bbox 734 3264 804 3316; x_wconf 89' lang='lat' dir='ltr'>alter</span> 
     </span>
     <span class='ocr_line' id='line_1_36' title="bbox 128 3343 786 3419; baseline 0.012 -24"><span class='ocrx_word' id='word_1_222' title='bbox 128 3343 185 3399; x_wconf 87' lang='lat' dir='ltr'>Non</span> <span class='ocrx_word' id='word_1_223' title='bbox 197 3349 257 3418; x_wconf 80' lang='lat' dir='ltr'>fuit,</span> <span class='ocrx_word' id='word_1_224' title='bbox 273 3355 391 3419; x_wconf 85' lang='lat' dir='ltr'>excepto</span> <span class='ocrx_word' id='word_1_225' title='bbox 404 3349 549 3403; x_wconf 89' lang='lat' dir='ltr'>Laurentis</span> <span class='ocrx_word' id='word_1_226' title='bbox 562 3367 679 3418; x_wconf 91' lang='lat' dir='ltr'>corpore</span> <span class='ocrx_word' id='word_1_227' title='bbox 693 3347 786 3403; x_wconf 88' lang='lat' dir='ltr'>Turni.</span> 
     </span>
     <span class='ocr_line' id='line_1_37' title="bbox 128 3431 842 3507; baseline 0.006 -23"><span class='ocrx_word' id='word_1_228' title='bbox 128 3431 231 3504; x_wconf 81' lang='lat' dir='ltr'>lmusns,</span> <span class='ocrx_word' id='word_1_229' title='bbox 246 3455 348 3507; x_wconf 91' lang='lat' dir='ltr'>equum</span> <span class='ocrx_word' id='word_1_230' title='bbox 361 3437 483 3491; x_wconf 89' lang='lat' dir='ltr'>domitor</span> <span class='ocrx_word' id='word_1_231' title='bbox 495 3435 701 3505; x_wconf 85' lang='lat' dir='ltr'>debellatorque</span> <span class='ocrx_word' id='word_1_232' title='bbox 714 3437 842 3503; x_wconf 79' lang='lat' dir='ltr'>ferarum,</span> 
     </span>
     <span class='ocr_line' id='line_1_38' title="bbox 129 3518 778 3593; baseline 0.009 -22"><span class='ocrx_word' id='word_1_233' title='bbox 129 3518 205 3576; x_wconf 90' lang='lat' dir='ltr'>Ducit</span> <span class='ocrx_word' id='word_1_234' title='bbox 218 3525 348 3592; x_wconf 82' lang='lat' dir='ltr'>Agyllina</span> <span class='ocrx_word' id='word_1_235' title='bbox 361 3524 527 3593; x_wconf 87' lang='lat' dir='ltr'>nequiquam</span> <span class='ocrx_word' id='word_1_236' title='bbox 541 3541 575 3576; x_wconf 88' lang='lat' dir='ltr'>ex</span> <span class='ocrx_word' id='word_1_237' title='bbox 588 3524 657 3576; x_wconf 89' lang='lat' dir='ltr'>urbe</span> <span class='ocrx_word' id='word_1_238' title='bbox 670 3529 778 3577; x_wconf 88' lang='lat' dir='ltr'>secutos</span> 
     </span>
    </p>
   </div>
   <div class='ocr_carea' id='block_1_5' title="bbox 0 0 1358 3938">
    <p class='ocr_par' dir='ltr' id='par_1_14' title="bbox 0 0 1358 3938">
     <span class='ocr_line' id='line_1_39' title="bbox 0 0 1358 3938; baseline 0 0"><span class='ocrx_word' id='word_1_239' title='bbox 0 0 1358 3938; x_wconf 95' lang='lat' dir='ltr'> </span> 
     </span>
    </p>
   </div>
  </div>
 </body>
</html>
