<?xml version="1.0" encoding="UTF-8"?>
<!DOCTYPE html PUBLIC "-//W3C//DTD XHTML 1.0 Transitional//EN"
    "http://www.w3.org/TR/xhtml1/DTD/xhtml1-transitional.dtd">
<html xmlns="http://www.w3.org/1999/xhtml" xml:lang="en" lang="en">
 <head>
  <title>
</title>
<meta http-equiv="Content-Type" content="text/html;charset=utf-8" />
  <meta name='ocr-system' content='tesseract 3.04.00' />
  <meta name='ocr-capabilities' content='ocr_page ocr_carea ocr_par ocr_line ocrx_word'/>
</head>
<body>
  <div class='ocr_page' id='page_1' title='image "./arevisedtextpoe00virggoog_0295.png"; bbox 0 0 2656 3940; ppageno 0'>
   <div class='ocr_carea' id='block_1_1' title="bbox 405 219 822 270">
    <p class='ocr_par' dir='ltr' id='par_1_1' title="bbox 405 219 822 270">
     <span class='ocr_line' id='line_1_1' title="bbox 405 219 822 270; baseline -0.005 0"><span class='ocrx_word' id='word_1_1' title='bbox 405 220 543 270; x_wconf 80' lang='lat' dir='ltr'><strong>vnne1n1</strong></span> <span class='ocrx_word' id='word_1_2' title='bbox 566 219 730 270; x_wconf 69' lang='lat' dir='ltr'><strong>assumes</strong></span> <span class='ocrx_word' id='word_1_3' title='bbox 752 220 822 269; x_wconf 89' lang='lat' dir='ltr'><strong>VIII.</strong></span> 
     </span>
    </p>
   </div>
   <div class='ocr_carea' id='block_1_2' title="bbox 112 382 978 3602">
    <p class='ocr_par' dir='ltr' id='par_1_2' title="bbox 112 382 928 1766">
     <span class='ocr_line' id='line_1_2' title="bbox 115 382 756 452; baseline 0 -18"><span class='ocrx_word' id='word_1_4' title='bbox 115 382 168 436; x_wconf 88' lang='lat' dir='ltr'><strong>Hoc</strong></span> <span class='ocrx_word' id='word_1_5' title='bbox 179 383 249 437; x_wconf 87' lang='lat' dir='ltr'><strong>acies</strong></span> <span class='ocrx_word' id='word_1_6' title='bbox 260 399 367 452; x_wconf 90' lang='lat' dir='ltr'><strong>eampo,</strong></span> <span class='ocrx_word' id='word_1_7' title='bbox 381 383 494 437; x_wconf 91' lang='lat' dir='ltr'><strong>monitis</strong></span> <span class='ocrx_word' id='word_1_8' title='bbox 507 383 641 436; x_wconf 84' lang='lat' dir='ltr'><strong>exterrita</strong></span> <span class='ocrx_word' id='word_1_9' title='bbox 653 382 756 435; x_wconf 82' lang='lat' dir='ltr'><strong>divorn.</strong></span> 
     </span>
     <span class='ocr_line' id='line_1_3' title="bbox 114 467 696 538; baseline 0.002 -17"><span class='ocrx_word' id='word_1_10' title='bbox 114 467 169 538; x_wconf 89' lang='lat' dir='ltr'><strong>lpse</strong></span> <span class='ocrx_word' id='word_1_11' title='bbox 181 475 302 524; x_wconf 91' lang='lat' dir='ltr'><strong>oratores</strong></span> <span class='ocrx_word' id='word_1_12' title='bbox 315 471 350 524; x_wconf 90' lang='lat' dir='ltr'><strong>ad</strong></span> <span class='ocrx_word' id='word_1_13' title='bbox 362 487 407 524; x_wconf 92' lang='lat' dir='ltr'><strong>me</strong></span> <span class='ocrx_word' id='word_1_14' title='bbox 419 470 551 538; x_wconf 82' lang='lat' dir='ltr'>regnique</span> <span class='ocrx_word' id='word_1_15' title='bbox 564 487 696 524; x_wconf 88' lang='lat' dir='ltr'><strong>corenam</strong></span> 
     </span>
     <span class='ocr_line' id='line_1_4' title="bbox 115 555 839 627; baseline -0.001 -17"><span class='ocrx_word' id='word_1_16' title='bbox 115 557 177 611; x_wconf 79' lang='lat' dir='ltr'><strong>(lam</strong></span> <span class='ocrx_word' id='word_1_17' title='bbox 189 563 296 627; x_wconf 89' lang='lat' dir='ltr'><strong>sceptro</strong></span> <span class='ocrx_word' id='word_1_18' title='bbox 309 558 385 612; x_wconf 82' lang='lat' dir='ltr'>misit</span> <span class='ocrx_word' id='word_1_19' title='bbox 397 557 563 626; x_wconf 77' lang='lat' dir='ltr'><strong>mandatque</strong></span> <span class='ocrx_word' id='word_1_20' title='bbox 575 557 694 625; x_wconf 84' lang='lat' dir='ltr'><strong>insignia</strong></span> <span class='ocrx_word' id='word_1_21' title='bbox 705 555 839 624; x_wconf 86' lang='lat' dir='ltr'><strong>Tarchon,</strong></span> 
     </span>
     <span class='ocr_line' id='line_1_5' title="bbox 114 643 839 714; baseline 0.001 -18"><span class='ocrx_word' id='word_1_22' title='bbox 114 643 253 699; x_wconf 85' lang='lat' dir='ltr'><strong>Suecedam</strong></span> <span class='ocrx_word' id='word_1_23' title='bbox 266 646 371 714; x_wconf 85' lang='lat' dir='ltr'><strong>castris,</strong></span> <span class='ocrx_word' id='word_1_24' title='bbox 384 645 582 714; x_wconf 83' lang='lat' dir='ltr'><strong>Tyrrhenaque</strong></span> <span class='ocrx_word' id='word_1_25' title='bbox 594 661 680 712; x_wconf 76' lang='lat' dir='ltr'><strong>regna</strong></span> <span class='ocrx_word' id='word_1_26' title='bbox 692 661 839 714; x_wconf 73' lang='lat' dir='ltr'><strong>capessam.</strong></span> 
     </span>
     <span class='ocr_line' id='line_1_6' title="bbox 114 731 806 801; baseline -0.003 -15"><span class='ocrx_word' id='word_1_27' title='bbox 114 732 161 786; x_wconf 80' lang='lat' dir='ltr'><strong>Sed</strong></span> <span class='ocrx_word' id='word_1_28' title='bbox 173 733 239 786; x_wconf 91' lang='lat' dir='ltr'><strong>mihi</strong></span> <span class='ocrx_word' id='word_1_29' title='bbox 252 732 331 787; x_wconf 89' lang='lat' dir='ltr'><strong>tarda</strong></span> <span class='ocrx_word' id='word_1_30' title='bbox 343 732 408 801; x_wconf 82' lang='lat' dir='ltr'><strong>gelu</strong></span> <span class='ocrx_word' id='word_1_31' title='bbox 420 731 569 801; x_wconf 70' lang='lat' dir='ltr'><strong>saeclisque</strong></span> <span class='ocrx_word' id='word_1_32' title='bbox 583 732 666 786; x_wconf 85' lang='lat' dir='ltr'><strong>effeta</strong></span> <span class='ocrx_word' id='word_1_33' title='bbox 678 737 806 787; x_wconf 86' lang='lat' dir='ltr'><strong>senectus</strong></span> 
     </span>
     <span class='ocr_line' id='line_1_7' title="bbox 113 818 750 889; baseline 0.006 -19"><span class='ocrx_word' id='word_1_34' title='bbox 113 818 213 873; x_wconf 78' lang='lat' dir='ltr'><strong>Invidet</strong></span> <span class='ocrx_word' id='word_1_35' title='bbox 225 820 371 889; x_wconf 91' lang='lat' dir='ltr'><strong>imperium</strong></span> <span class='ocrx_word' id='word_1_36' title='bbox 385 835 514 888; x_wconf 89' lang='lat' dir='ltr'><strong>seraeque</strong></span> <span class='ocrx_word' id='word_1_37' title='bbox 527 819 561 873; x_wconf 86' lang='lat' dir='ltr'><strong>ad</strong></span> <span class='ocrx_word' id='word_1_38' title='bbox 574 820 657 874; x_wconf 86' lang='lat' dir='ltr'><strong>fortia</strong></span> <span class='ocrx_word' id='word_1_39' title='bbox 669 819 750 874; x_wconf 85' lang='lat' dir='ltr'><strong>vires.</strong></span> 
     </span>
     <span class='ocr_line' id='line_1_8' title="bbox 114 905 775 974; baseline 0.005 -16"><span class='ocrx_word' id='word_1_40' title='bbox 114 905 208 960; x_wconf 88' lang='lat' dir='ltr'><strong>Natum</strong></span> <span class='ocrx_word' id='word_1_41' title='bbox 221 907 392 974; x_wconf 83' lang='lat' dir='ltr'><strong>exhortarer,</strong></span> <span class='ocrx_word' id='word_1_42' title='bbox 407 908 437 960; x_wconf 91' lang='lat' dir='ltr'><strong>ni</strong></span> <span class='ocrx_word' id='word_1_43' title='bbox 448 907 552 960; x_wconf 85' lang='lat' dir='ltr'><strong>mixtus</strong></span> <span class='ocrx_word' id='word_1_44' title='bbox 563 912 653 961; x_wconf 90' lang='lat' dir='ltr'><strong>matre</strong></span> <span class='ocrx_word' id='word_1_45' title='bbox 667 905 775 962; x_wconf 88' lang='lat' dir='ltr'><strong>Sabella</strong></span> 
     </span>
     <span class='ocr_line' id='line_1_9' title="bbox 113 993 877 1064; baseline 0.005 -20"><span class='ocrx_word' id='word_1_46' title='bbox 113 993 178 1048; x_wconf 87' lang='lat' dir='ltr'><strong>Hinc</strong></span> <span class='ocrx_word' id='word_1_47' title='bbox 190 999 297 1064; x_wconf 87' lang='lat' dir='ltr'><strong>partem</strong></span> <span class='ocrx_word' id='word_1_48' title='bbox 311 995 417 1064; x_wconf 89' lang='lat' dir='ltr'><strong>patriae</strong></span> <span class='ocrx_word' id='word_1_49' title='bbox 429 993 560 1048; x_wconf 89' lang='lat' dir='ltr'><strong>traheret.</strong></span> <span class='ocrx_word' id='word_1_50' title='bbox 603 993 652 1061; x_wconf 89' lang='lat' dir='ltr'><strong>Tu,</strong></span> <span class='ocrx_word' id='word_1_51' title='bbox 667 994 744 1048; x_wconf 90' lang='lat' dir='ltr'><strong>cuius</strong></span> <span class='ocrx_word' id='word_1_52' title='bbox 756 1000 784 1050; x_wconf 86' lang='lat' dir='ltr'><strong>et</strong></span> <span class='ocrx_word' id='word_1_53' title='bbox 797 997 877 1050; x_wconf 87' lang='lat' dir='ltr'><strong>annis</strong></span> 
     </span>
     <span class='ocr_line' id='line_1_10' title="bbox 113 1078 838 1152; baseline 0.007 -20"><span class='ocrx_word' id='word_1_54' title='bbox 113 1078 144 1133; x_wconf 71' lang='grc' dir='ltr'><strong>Εἵ-</strong></span> <span class='ocrx_word' id='word_1_55' title='bbox 155 1082 246 1149; x_wconf 86' lang='lat' dir='ltr'><strong>generi</strong></span> <span class='ocrx_word' id='word_1_56' title='bbox 258 1083 316 1136; x_wconf 86' lang='lat' dir='ltr'><strong>fate</strong></span> <span class='ocrx_word' id='word_1_57' title='bbox 328 1081 479 1150; x_wconf 81' lang='lat' dir='ltr'><strong>indulgent,</strong></span> <span class='ocrx_word' id='word_1_58' title='bbox 495 1098 576 1150; x_wconf 89' lang='lat' dir='ltr'><strong>quem</strong></span> <span class='ocrx_word' id='word_1_59' title='bbox 587 1084 703 1137; x_wconf 89' lang='lat' dir='ltr'><strong>numina</strong></span> <span class='ocrx_word' id='word_1_60' title='bbox 714 1095 838 1152; x_wconf 86' lang='lat' dir='ltr'><strong>poscunt,</strong></span> 
     </span>
     <span class='ocr_line' id='line_1_11' title="bbox 113 1167 928 1237; baseline 0.004 -18"><span class='ocrx_word' id='word_1_61' title='bbox 113 1167 259 1237; x_wconf 78' lang='lat' dir='ltr'><strong>Ingredere,</strong></span> <span class='ocrx_word' id='word_1_62' title='bbox 275 1186 292 1222; x_wconf 93' lang='grc' dir='ltr'><strong>ο</strong></span> <span class='ocrx_word' id='word_1_63' title='bbox 305 1168 440 1222; x_wconf 79' lang='lat' dir='ltr'><strong>Tanarum</strong></span> <span class='ocrx_word' id='word_1_64' title='bbox 452 1173 535 1237; x_wconf 86' lang='lat' dir='ltr'><strong>atque</strong></span> <span class='ocrx_word' id='word_1_65' title='bbox 548 1168 648 1222; x_wconf 84' lang='lat' dir='ltr'><strong>Italum</strong></span> <span class='ocrx_word' id='word_1_66' title='bbox 661 1171 809 1224; x_wconf 89' lang='lat' dir='ltr'><strong>fortissime</strong></span> <span class='ocrx_word' id='word_1_67' title='bbox 821 1170 928 1224; x_wconf 86' lang='lat' dir='ltr'><strong>ductor.</strong></span> 
     </span>
     <span class='ocr_line' id='line_1_12' title="bbox 113 1253 748 1326; baseline 0.006 -19"><span class='ocrx_word' id='word_1_68' title='bbox 113 1253 186 1310; x_wconf 87' lang='lat' dir='ltr'><strong>Hanc</strong></span> <span class='ocrx_word' id='word_1_69' title='bbox 197 1257 248 1310; x_wconf 87' lang='lat' dir='ltr'><strong>tibi</strong></span> <span class='ocrx_word' id='word_1_70' title='bbox 261 1264 411 1326; x_wconf 86' lang='lat' dir='ltr'><strong>praeterea,</strong></span> <span class='ocrx_word' id='word_1_71' title='bbox 430 1272 492 1326; x_wconf 91' lang='lat' dir='ltr'><strong>spes</strong></span> <span class='ocrx_word' id='word_1_72' title='bbox 503 1262 533 1311; x_wconf 90' lang='lat' dir='ltr'><strong>et</strong></span> <span class='ocrx_word' id='word_1_73' title='bbox 545 1259 641 1313; x_wconf 87' lang='lat' dir='ltr'><strong>solatia</strong></span> <span class='ocrx_word' id='word_1_74' title='bbox 652 1259 748 1326; x_wconf 89' lang='lat' dir='ltr'><strong>nostri,</strong></span> 
     </span>
     <span class='ocr_line' id='line_1_13' title="bbox 112 1341 803 1414; baseline 0.007 -19"><span class='ocrx_word' id='word_1_75' title='bbox 112 1341 231 1397; x_wconf 84' lang='lat' dir='ltr'><strong>Pallanta</strong></span> <span class='ocrx_word' id='word_1_76' title='bbox 242 1343 408 1411; x_wconf 78' lang='lat' dir='ltr'><strong>adiungam3</strong></span> <span class='ocrx_word' id='word_1_77' title='bbox 429 1345 479 1398; x_wconf 91' lang='lat' dir='ltr'><strong>sub</strong></span> <span class='ocrx_word' id='word_1_78' title='bbox 496 1349 525 1400; x_wconf 89' lang='lat' dir='ltr'><strong>te</strong></span> <span class='ocrx_word' id='word_1_79' title='bbox 539 1346 658 1400; x_wconf 88' lang='lat' dir='ltr'><strong>tolerare</strong></span> <span class='ocrx_word' id='word_1_80' title='bbox 671 1346 803 1414; x_wconf 82' lang='lat' dir='ltr'><strong>magistro</strong></span> 
     </span>
     <span class='ocr_line' id='line_1_14' title="bbox 113 1429 844 1501; baseline 0.007 -19"><span class='ocrx_word' id='word_1_81' title='bbox 113 1429 231 1483; x_wconf 78' lang='lat' dir='ltr'><strong>Militiam</strong></span> <span class='ocrx_word' id='word_1_82' title='bbox 243 1439 273 1484; x_wconf 90' lang='lat' dir='ltr'><strong>et</strong></span> <span class='ocrx_word' id='word_1_83' title='bbox 286 1447 371 1499; x_wconf 83' lang='lat' dir='ltr'><strong>grava</strong></span> <span class='ocrx_word' id='word_1_84' title='bbox 382 1429 480 1485; x_wconf 84' lang='lat' dir='ltr'><strong>Martis</strong></span> <span class='ocrx_word' id='word_1_85' title='bbox 495 1449 571 1501; x_wconf 84' lang='lat' dir='ltr'><strong>opus,</strong></span> <span class='ocrx_word' id='word_1_86' title='bbox 585 1440 635 1488; x_wconf 89' lang='lat' dir='ltr'><strong>tna</strong></span> <span class='ocrx_word' id='word_1_87' title='bbox 646 1450 758 1488; x_wconf 88' lang='lat' dir='ltr'><strong>cernere</strong></span> <span class='ocrx_word' id='word_1_88' title='bbox 769 1433 844 1487; x_wconf 84' lang='lat' dir='ltr'><strong>facta</strong></span> 
     </span>
     <span class='ocr_line' id='line_1_15' title="bbox 113 1518 734 1586; baseline 0.005 -15"><span class='ocrx_word' id='word_1_89' title='bbox 113 1518 265 1586; x_wconf 86' lang='lat' dir='ltr'><strong>Adsuescat,</strong></span> <span class='ocrx_word' id='word_1_90' title='bbox 280 1518 378 1586; x_wconf 90' lang='lat' dir='ltr'><strong>primis</strong></span> <span class='ocrx_word' id='word_1_91' title='bbox 391 1526 420 1573; x_wconf 88' lang='lat' dir='ltr'><strong>et</strong></span> <span class='ocrx_word' id='word_1_92' title='bbox 432 1525 460 1574; x_wconf 90' lang='lat' dir='ltr'><strong>te</strong></span> <span class='ocrx_word' id='word_1_93' title='bbox 471 1519 588 1574; x_wconf 90' lang='lat' dir='ltr'><strong>miretur</strong></span> <span class='ocrx_word' id='word_1_94' title='bbox 600 1522 634 1576; x_wconf 92' lang='lat' dir='ltr'><strong>ab</strong></span> <span class='ocrx_word' id='word_1_95' title='bbox 647 1521 734 1574; x_wconf 89' lang='lat' dir='ltr'><strong>annis.</strong></span> 
     </span>
     <span class='ocr_line' id='line_1_16' title="bbox 113 1605 821 1677; baseline 0.004 -20"><span class='ocrx_word' id='word_1_96' title='bbox 113 1605 228 1659; x_wconf 86' lang='lat' dir='ltr'><strong>Arcadas</strong></span> <span class='ocrx_word' id='word_1_97' title='bbox 240 1605 308 1658; x_wconf 89' lang='lat' dir='ltr'><strong>huic</strong></span> <span class='ocrx_word' id='word_1_98' title='bbox 321 1608 427 1676; x_wconf 91' lang='lat' dir='ltr'><strong>equites</strong></span> <span class='ocrx_word' id='word_1_99' title='bbox 438 1608 481 1661; x_wconf 94' lang='lat' dir='ltr'><strong>bis</strong></span> <span class='ocrx_word' id='word_1_100' title='bbox 493 1617 613 1677; x_wconf 89' lang='lat' dir='ltr'><strong>centum,</strong></span> <span class='ocrx_word' id='word_1_101' title='bbox 627 1609 729 1662; x_wconf 89' lang='lat' dir='ltr'><strong>robora</strong></span> <span class='ocrx_word' id='word_1_102' title='bbox 742 1607 821 1676; x_wconf 83' lang='lat' dir='ltr'><strong>pubis</strong></span> 
     </span>
     <span class='ocr_line' id='line_1_17' title="bbox 113 1693 858 1766; baseline -0.004 -15"><span class='ocrx_word' id='word_1_103' title='bbox 113 1694 195 1765; x_wconf 85' lang='lat' dir='ltr'><strong>Lecta,</strong></span> <span class='ocrx_word' id='word_1_104' title='bbox 209 1698 292 1764; x_wconf 86' lang='lat' dir='ltr'><strong>dabo,</strong></span> <span class='ocrx_word' id='word_1_105' title='bbox 307 1696 478 1766; x_wconf 88' lang='lat' dir='ltr'><strong>totidemque</strong></span> <span class='ocrx_word' id='word_1_106' title='bbox 490 1715 539 1752; x_wconf 90' lang='lat' dir='ltr'><strong>suc</strong></span> <span class='ocrx_word' id='word_1_107' title='bbox 552 1699 603 1752; x_wconf 90' lang='lat' dir='ltr'><strong>tibi</strong></span> <span class='ocrx_word' id='word_1_108' title='bbox 615 1697 727 1750; x_wconf 88' lang='lat' dir='ltr'><strong>nomine</strong></span> <span class='ocrx_word' id='word_1_109' title='bbox 740 1693 858 1749; x_wconf 86' lang='lat' dir='ltr'><strong>Pallas.”</strong></span> 
     </span>
    </p>

    <p class='ocr_par' dir='ltr' id='par_1_3' title="bbox 112 1783 978 3602">
     <span class='ocr_line' id='line_1_18' title="bbox 144 1783 781 1854; baseline 0.002 -19"><span class='ocrx_word' id='word_1_110' title='bbox 144 1783 196 1838; x_wconf 85' lang='lat' dir='ltr'><strong>Vix</strong></span> <span class='ocrx_word' id='word_1_111' title='bbox 208 1802 241 1840; x_wconf 92' lang='lat' dir='ltr'><strong>ea</strong></span> <span class='ocrx_word' id='word_1_112' title='bbox 252 1786 331 1838; x_wconf 84' lang='lat' dir='ltr'><strong>fatus</strong></span> <span class='ocrx_word' id='word_1_113' title='bbox 343 1789 416 1837; x_wconf 88' lang='lat' dir='ltr'><strong>erat:</strong></span> <span class='ocrx_word' id='word_1_114' title='bbox 437 1784 573 1854; x_wconf 84' lang='lat' dir='ltr'><strong>defixique</strong></span> <span class='ocrx_word' id='word_1_115' title='bbox 585 1801 635 1839; x_wconf 88' lang='lat' dir='ltr'><strong>ora</strong></span> <span class='ocrx_word' id='word_1_116' title='bbox 647 1784 781 1838; x_wconf 86' lang='lat' dir='ltr'><strong>tenebant</strong></span> 
     </span>
     <span class='ocr_line' id='line_1_19' title="bbox 112 1872 687 1938; baseline -0.005 -11"><span class='ocrx_word' id='word_1_117' title='bbox 112 1874 213 1930; x_wconf 80' lang='lat' dir='ltr'><strong>Aeneas</strong></span> <span class='ocrx_word' id='word_1_118' title='bbox 227 1873 414 1928; x_wconf 76' lang='lat' dir='ltr'><strong>Anchisiades</strong></span> <span class='ocrx_word' id='word_1_119' title='bbox 425 1877 454 1926; x_wconf 91' lang='lat' dir='ltr'><strong>et</strong></span> <span class='ocrx_word' id='word_1_120' title='bbox 465 1872 537 1926; x_wconf 86' lang='lat' dir='ltr'><strong>fidus</strong></span> <span class='ocrx_word' id='word_1_121' title='bbox 550 1872 687 1938; x_wconf 81' lang='lat' dir='ltr'><strong>Achates3</strong></span> 
     </span>
     <span class='ocr_line' id='line_1_20' title="bbox 113 1959 805 2032; baseline -0.007 -17"><span class='ocrx_word' id='word_1_122' title='bbox 113 1962 244 2032; x_wconf 85' lang='lat' dir='ltr'><strong>Multaque</strong></span> <span class='ocrx_word' id='word_1_123' title='bbox 257 1963 330 2016; x_wconf 87' lang='lat' dir='ltr'><strong>dura</strong></span> <span class='ocrx_word' id='word_1_124' title='bbox 343 1978 392 2014; x_wconf 90' lang='lat' dir='ltr'><strong>suc</strong></span> <span class='ocrx_word' id='word_1_125' title='bbox 405 1960 478 2014; x_wconf 83' lang='lat' dir='ltr'><strong>tristi</strong></span> <span class='ocrx_word' id='word_1_126' title='bbox 491 1976 552 2014; x_wconf 89' lang='lat' dir='ltr'><strong>curn</strong></span> <span class='ocrx_word' id='word_1_127' title='bbox 566 1960 649 2013; x_wconf 90' lang='lat' dir='ltr'><strong>eorde</strong></span> <span class='ocrx_word' id='word_1_128' title='bbox 660 1959 805 2028; x_wconf 86' lang='lat' dir='ltr'><strong>putabant,</strong></span> 
     </span>
     <span class='ocr_line' id='line_1_21' title="bbox 113 2045 759 2117; baseline -0.003 -18"><span class='ocrx_word' id='word_1_129' title='bbox 113 2045 145 2100; x_wconf 89' lang='lat' dir='ltr'><strong>Ni</strong></span> <span class='ocrx_word' id='word_1_130' title='bbox 157 2049 261 2117; x_wconf 85' lang='lat' dir='ltr'><strong>signum</strong></span> <span class='ocrx_word' id='word_1_131' title='bbox 275 2047 355 2102; x_wconf 89' lang='lat' dir='ltr'><strong>caelo</strong></span> <span class='ocrx_word' id='word_1_132' title='bbox 370 2046 509 2113; x_wconf 76' lang='lat' dir='ltr'><strong>Cytherea</strong></span> <span class='ocrx_word' id='word_1_133' title='bbox 522 2045 642 2098; x_wconf 87' lang='lat' dir='ltr'><strong>dedisset</strong></span> <span class='ocrx_word' id='word_1_134' title='bbox 655 2049 759 2112; x_wconf 89' lang='lat' dir='ltr'><strong>aperto.</strong></span> 
     </span>
     <span class='ocr_line' id='line_1_22' title="bbox 113 2131 809 2210; baseline -0.011 -19"><span class='ocrx_word' id='word_1_135' title='bbox 113 2135 230 2210; x_wconf 84' lang='lat' dir='ltr'><strong>Namque</strong></span> <span class='ocrx_word' id='word_1_136' title='bbox 242 2139 396 2208; x_wconf 90' lang='lat' dir='ltr'><strong>improviso</strong></span> <span class='ocrx_word' id='word_1_137' title='bbox 408 2135 533 2189; x_wconf 88' lang='lat' dir='ltr'><strong>vibratus</strong></span> <span class='ocrx_word' id='word_1_138' title='bbox 546 2133 581 2186; x_wconf 92' lang='lat' dir='ltr'><strong>ab</strong></span> <span class='ocrx_word' id='word_1_139' title='bbox 594 2131 706 2186; x_wconf 86' lang='lat' dir='ltr'><strong>aethere</strong></span> <span class='ocrx_word' id='word_1_140' title='bbox 718 2131 809 2200; x_wconf 88' lang='lat' dir='ltr'><strong>fulgor</strong></span> 
     </span>
     <span class='ocr_line' id='line_1_23' title="bbox 115 2219 829 2292; baseline -0.006 -16"><span class='ocrx_word' id='word_1_141' title='bbox 115 2223 177 2278; x_wconf 78' lang='lat' dir='ltr'><strong>cum</strong></span> <span class='ocrx_word' id='word_1_142' title='bbox 189 2228 282 2280; x_wconf 87' lang='lat' dir='ltr'><strong>sonitu</strong></span> <span class='ocrx_word' id='word_1_143' title='bbox 295 2225 381 2292; x_wconf 85' lang='lat' dir='ltr'><strong>venit,</strong></span> <span class='ocrx_word' id='word_1_144' title='bbox 397 2228 425 2276; x_wconf 90' lang='lat' dir='ltr'><strong>et</strong></span> <span class='ocrx_word' id='word_1_145' title='bbox 438 2237 518 2276; x_wconf 87' lang='lat' dir='ltr'><strong>ruere</strong></span> <span class='ocrx_word' id='word_1_146' title='bbox 531 2220 624 2274; x_wconf 88' lang='lat' dir='ltr'><strong>omnia</strong></span> <span class='ocrx_word' id='word_1_147' title='bbox 636 2219 696 2272; x_wconf 82' lang='lat' dir='ltr'><strong>visa</strong></span> <span class='ocrx_word' id='word_1_148' title='bbox 707 2224 829 2287; x_wconf 86' lang='lat' dir='ltr'><strong>repente,</strong></span> 
     </span>
     <span class='ocr_line' id='line_1_24' title="bbox 114 2306 855 2383; baseline -0.003 -21"><span class='ocrx_word' id='word_1_149' title='bbox 114 2310 318 2383; x_wconf 79' lang='lat' dir='ltr'><strong>Tyrrhenusque</strong></span> <span class='ocrx_word' id='word_1_150' title='bbox 332 2312 415 2366; x_wconf 88' lang='lat' dir='ltr'><strong>tubae</strong></span> <span class='ocrx_word' id='word_1_151' title='bbox 427 2310 533 2377; x_wconf 82' lang='lat' dir='ltr'><strong>mugire</strong></span> <span class='ocrx_word' id='word_1_152' title='bbox 545 2324 595 2376; x_wconf 92' lang='lat' dir='ltr'><strong>per</strong></span> <span class='ocrx_word' id='word_1_153' title='bbox 608 2307 721 2360; x_wconf 86' lang='lat' dir='ltr'><strong>aethera</strong></span> <span class='ocrx_word' id='word_1_154' title='bbox 733 2306 855 2373; x_wconf 80' lang='lat' dir='ltr'><strong>clangor.</strong></span> 
     </span>
     <span class='ocr_line' id='line_1_25' title="bbox 115 2393 975 2468; baseline -0.005 -18"><span class='ocrx_word' id='word_1_155' title='bbox 115 2396 281 2468; x_wconf 71' lang='lat' dir='ltr'><strong>suspiciunt3</strong></span> <span class='ocrx_word' id='word_1_156' title='bbox 302 2402 406 2453; x_wconf 91' lang='lat' dir='ltr'><strong>iterum</strong></span> <span class='ocrx_word' id='word_1_157' title='bbox 420 2402 502 2465; x_wconf 85' lang='lat' dir='ltr'><strong>atque</strong></span> <span class='ocrx_word' id='word_1_158' title='bbox 514 2396 614 2449; x_wconf 88' lang='lat' dir='ltr'><strong>iterum</strong></span> <span class='ocrx_word' id='word_1_159' title='bbox 626 2394 721 2462; x_wconf 81' lang='lat' dir='ltr'><strong>fragor</strong></span> <span class='ocrx_word' id='word_1_160' title='bbox 732 2393 857 2461; x_wconf 87' lang='lat' dir='ltr'><strong>increpat</strong></span> <span class='ocrx_word' id='word_1_161' title='bbox 869 2393 975 2459; x_wconf 83' lang='lat' dir='ltr'><strong>ingens.</strong></span> 
     </span>
     <span class='ocr_line' id='line_1_26' title="bbox 114 2483 757 2550; baseline -0.006 -12"><span class='ocrx_word' id='word_1_162' title='bbox 114 2486 192 2540; x_wconf 87' lang='lat' dir='ltr'><strong>Arma</strong></span> <span class='ocrx_word' id='word_1_163' title='bbox 203 2489 278 2541; x_wconf 88' lang='lat' dir='ltr'><strong>inter</strong></span> <span class='ocrx_word' id='word_1_164' title='bbox 291 2487 395 2542; x_wconf 92' lang='lat' dir='ltr'><strong>nubem</strong></span> <span class='ocrx_word' id='word_1_165' title='bbox 411 2485 479 2539; x_wconf 87' lang='lat' dir='ltr'><strong>caeli</strong></span> <span class='ocrx_word' id='word_1_166' title='bbox 491 2484 520 2536; x_wconf 94' lang='lat' dir='ltr'><strong>in</strong></span> <span class='ocrx_word' id='word_1_167' title='bbox 535 2483 648 2550; x_wconf 82' lang='lat' dir='ltr'><strong>regione</strong></span> <span class='ocrx_word' id='word_1_168' title='bbox 660 2497 757 2534; x_wconf 87' lang='lat' dir='ltr'><strong>serena</strong></span> 
     </span>
     <span class='ocr_line' id='line_1_27' title="bbox 114 2569 761 2638; baseline -0.003 -16"><span class='ocrx_word' id='word_1_169' title='bbox 114 2570 270 2628; x_wconf 87' lang='lat' dir='ltr'><strong>Parendum</strong></span> <span class='ocrx_word' id='word_1_170' title='bbox 283 2574 402 2628; x_wconf 87' lang='lat' dir='ltr'><strong>rutilare</strong></span> <span class='ocrx_word' id='word_1_171' title='bbox 414 2572 511 2626; x_wconf 87' lang='lat' dir='ltr'><strong>vident</strong></span> <span class='ocrx_word' id='word_1_172' title='bbox 525 2575 554 2624; x_wconf 88' lang='lat' dir='ltr'><strong>et</strong></span> <span class='ocrx_word' id='word_1_173' title='bbox 566 2569 645 2638; x_wconf 87' lang='lat' dir='ltr'><strong>pulsa</strong></span> <span class='ocrx_word' id='word_1_174' title='bbox 656 2573 761 2622; x_wconf 86' lang='lat' dir='ltr'><strong>tonare.</strong></span> 
     </span>
     <span class='ocr_line' id='line_1_28' title="bbox 115 2657 730 2730; baseline 0 -20"><span class='ocrx_word' id='word_1_175' title='bbox 115 2657 269 2730; x_wconf 87' lang='lat' dir='ltr'><strong>Obstipuere</strong></span> <span class='ocrx_word' id='word_1_176' title='bbox 282 2662 386 2716; x_wconf 87' lang='lat' dir='ltr'><strong>animis</strong></span> <span class='ocrx_word' id='word_1_177' title='bbox 398 2660 459 2726; x_wconf 87' lang='lat' dir='ltr'><strong>alii;</strong></span> <span class='ocrx_word' id='word_1_178' title='bbox 479 2660 527 2714; x_wconf 91' lang='lat' dir='ltr'><strong>sed</strong></span> <span class='ocrx_word' id='word_1_179' title='bbox 538 2659 635 2714; x_wconf 84' lang='lat' dir='ltr'><strong>Troius</strong></span> <span class='ocrx_word' id='word_1_180' title='bbox 647 2658 730 2712; x_wconf 92' lang='lat' dir='ltr'><strong>heros</strong></span> 
     </span>
     <span class='ocr_line' id='line_1_29' title="bbox 114 2743 791 2816; baseline -0.001 -18"><span class='ocrx_word' id='word_1_181' title='bbox 114 2745 229 2814; x_wconf 79' lang='lat' dir='ltr'><strong>Agnovit</strong></span> <span class='ocrx_word' id='word_1_182' title='bbox 242 2750 367 2804; x_wconf 88' lang='lat' dir='ltr'><strong>sonitum</strong></span> <span class='ocrx_word' id='word_1_183' title='bbox 381 2754 409 2802; x_wconf 85' lang='lat' dir='ltr'><strong>et</strong></span> <span class='ocrx_word' id='word_1_184' title='bbox 421 2748 501 2802; x_wconf 90' lang='lat' dir='ltr'><strong>divae</strong></span> <span class='ocrx_word' id='word_1_185' title='bbox 514 2747 649 2816; x_wconf 89' lang='lat' dir='ltr'><strong>promissa</strong></span> <span class='ocrx_word' id='word_1_186' title='bbox 661 2743 791 2815; x_wconf 85' lang='lat' dir='ltr'><strong>parentis.</strong></span> 
     </span>
     <span class='ocr_line' id='line_1_30' title="bbox 115 2828 949 2903; baseline -0.005 -18"><span class='ocrx_word' id='word_1_187' title='bbox 115 2832 176 2888; x_wconf 88' lang='lat' dir='ltr'><strong>Tnm</strong></span> <span class='ocrx_word' id='word_1_188' title='bbox 189 2842 342 2892; x_wconf 89' lang='lat' dir='ltr'><strong>memorat:</strong></span> <span class='ocrx_word' id='word_1_189' title='bbox 360 2838 376 2865; x_wconf 80' lang='lat'><strong>‘⁴</strong></span> <span class='ocrx_word' id='word_1_190' title='bbox 385 2834 429 2889; x_wconf 88' lang='lat' dir='ltr'><strong>Ne</strong></span> <span class='ocrx_word' id='word_1_191' title='bbox 441 2852 517 2903; x_wconf 85' lang='lat' dir='ltr'><strong>vero,</strong></span> <span class='ocrx_word' id='word_1_192' title='bbox 530 2835 640 2903; x_wconf 88' lang='lat' dir='ltr'><strong>hospes,</strong></span> <span class='ocrx_word' id='word_1_193' title='bbox 653 2849 689 2886; x_wconf 89' lang='lat' dir='ltr'><strong>ne</strong></span> <span class='ocrx_word' id='word_1_194' title='bbox 703 2846 802 2900; x_wconf 87' lang='lat' dir='ltr'><strong>quaere</strong></span> <span class='ocrx_word' id='word_1_195' title='bbox 815 2828 949 2898; x_wconf 84' lang='lat' dir='ltr'><strong>profecte,</strong></span> 
     </span>
     <span class='ocr_line' id='line_1_31' title="bbox 115 2917 894 2993; baseline -0.006 -18"><span class='ocrx_word' id='word_1_196' title='bbox 115 2921 195 2986; x_wconf 80' lang='lat' dir='ltr'><strong>Quem</strong></span> <span class='ocrx_word' id='word_1_197' title='bbox 207 2942 302 2979; x_wconf 86' lang='lat' dir='ltr'><strong>casnm</strong></span> <span class='ocrx_word' id='word_1_198' title='bbox 315 2928 448 2993; x_wconf 85' lang='lat' dir='ltr'><strong>portenta</strong></span> <span class='ocrx_word' id='word_1_199' title='bbox 461 2924 565 2976; x_wconf 82' lang='lat' dir='ltr'><strong>ferant:</strong></span> <span class='ocrx_word' id='word_1_200' title='bbox 587 2938 638 2988; x_wconf 85' lang='lat' dir='ltr'><strong>ego</strong></span> <span class='ocrx_word' id='word_1_201' title='bbox 650 2935 750 2989; x_wconf 86' lang='lat' dir='ltr'><strong>poscor</strong></span> <span class='ocrx_word' id='word_1_202' title='bbox 763 2917 894 2985; x_wconf 83' lang='lat' dir='ltr'><strong>Olympo.</strong></span> 
     </span>
     <span class='ocr_line' id='line_1_32' title="bbox 115 3007 778 3080; baseline -0.002 -20"><span class='ocrx_word' id='word_1_203' title='bbox 115 3007 168 3064; x_wconf 90' lang='lat' dir='ltr'><strong>Hoc</strong></span> <span class='ocrx_word' id='word_1_204' title='bbox 180 3013 288 3080; x_wconf 85' lang='lat' dir='ltr'><strong>signum</strong></span> <span class='ocrx_word' id='word_1_205' title='bbox 302 3011 406 3066; x_wconf 90' lang='lat' dir='ltr'><strong>cecinit</strong></span> <span class='ocrx_word' id='word_1_206' title='bbox 416 3010 560 3062; x_wconf 87' lang='lat' dir='ltr'><strong>missuram</strong></span> <span class='ocrx_word' id='word_1_207' title='bbox 573 3008 638 3062; x_wconf 89' lang='lat' dir='ltr'><strong>diva</strong></span> <span class='ocrx_word' id='word_1_208' title='bbox 651 3007 778 3075; x_wconf 86' lang='lat' dir='ltr'><strong>creatrix,</strong></span> 
     </span>
     <span class='ocr_line' id='line_1_33' title="bbox 115 3095 868 3168; baseline -0.001 -21"><span class='ocrx_word' id='word_1_209' title='bbox 115 3095 140 3148; x_wconf 85' lang='lat' dir='ltr'><strong>Si</strong></span> <span class='ocrx_word' id='word_1_210' title='bbox 151 3099 250 3154; x_wconf 90' lang='lat' dir='ltr'><strong>bellum</strong></span> <span class='ocrx_word' id='word_1_211' title='bbox 263 3101 417 3168; x_wconf 75' lang='lat' dir='ltr'><strong>ingrueret,</strong></span> <span class='ocrx_word' id='word_1_212' title='bbox 432 3095 623 3164; x_wconf 84' lang='lat' dir='ltr'><strong>Volcaniaque</strong></span> <span class='ocrx_word' id='word_1_213' title='bbox 636 3110 712 3148; x_wconf 87' lang='lat' dir='ltr'><strong>arma</strong></span> <span class='ocrx_word' id='word_1_214' title='bbox 724 3111 774 3162; x_wconf 89' lang='lat' dir='ltr'><strong>per</strong></span> <span class='ocrx_word' id='word_1_215' title='bbox 788 3108 868 3148; x_wconf 90' lang='lat' dir='ltr'><strong>auras</strong></span> 
     </span>
     <span class='ocr_line' id='line_1_34' title="bbox 116 3171 780 3241; baseline 0.008 -3"><span class='ocrx_word' id='word_1_216' title='bbox 116 3182 235 3240; x_wconf 87' lang='lat' dir='ltr'><strong>Latnram</strong></span> <span class='ocrx_word' id='word_1_217' title='bbox 249 3186 364 3241; x_wconf 83' lang='lat' dir='ltr'><strong>auxilie.</strong></span> <span class='ocrx_word' id='word_1_218' title='bbox 773 3171 780 3182; x_wconf 72' lang='lat'>.</span> 
     </span>
     <span class='ocr_line' id='line_1_35' title="bbox 116 3267 868 3341; baseline -0.003 -18"><span class='ocrx_word' id='word_1_219' title='bbox 116 3269 170 3325; x_wconf 89' lang='lat' dir='ltr'><strong>Heu</strong></span> <span class='ocrx_word' id='word_1_220' title='bbox 182 3281 301 3341; x_wconf 87' lang='lat' dir='ltr'><strong>quantae</strong></span> <span class='ocrx_word' id='word_1_221' title='bbox 315 3272 425 3326; x_wconf 90' lang='lat' dir='ltr'><strong>miseris</strong></span> <span class='ocrx_word' id='word_1_222' title='bbox 437 3271 536 3326; x_wconf 87' lang='lat' dir='ltr'><strong>caedes</strong></span> <span class='ocrx_word' id='word_1_223' title='bbox 547 3269 732 3325; x_wconf 86' lang='lat' dir='ltr'><strong>Laurentibus</strong></span> <span class='ocrx_word' id='word_1_224' title='bbox 745 3267 868 3322; x_wconf 79' lang='lat' dir='ltr'><strong>instanti</strong></span> 
     </span>
     <span class='ocr_line' id='line_1_36' title="bbox 116 3352 978 3427; baseline -0.001 -17"><span class='ocrx_word' id='word_1_225' title='bbox 116 3355 183 3420; x_wconf 80' lang='lat' dir='ltr'><strong>Quas</strong></span> <span class='ocrx_word' id='word_1_226' title='bbox 195 3377 296 3427; x_wconf 89' lang='lat' dir='ltr'><strong>poenas</strong></span> <span class='ocrx_word' id='word_1_227' title='bbox 309 3359 388 3426; x_wconf 87' lang='lat' dir='ltr'><strong>mihi,</strong></span> <span class='ocrx_word' id='word_1_228' title='bbox 402 3358 502 3422; x_wconf 89' lang='lat' dir='ltr'><strong>Turne,</strong></span> <span class='ocrx_word' id='word_1_229' title='bbox 516 3357 608 3411; x_wconf 85' lang='lat' dir='ltr'><strong>dabisl</strong></span> <span class='ocrx_word' id='word_1_230' title='bbox 631 3372 712 3425; x_wconf 89' lang='lat' dir='ltr'><strong>qnam</strong></span> <span class='ocrx_word' id='word_1_231' title='bbox 726 3352 814 3408; x_wconf 85' lang='lat' dir='ltr'><strong>multa</strong></span> <span class='ocrx_word' id='word_1_232' title='bbox 826 3355 877 3407; x_wconf 92' lang='lat' dir='ltr'><strong>sub</strong></span> <span class='ocrx_word' id='word_1_233' title='bbox 890 3354 978 3409; x_wconf 86' lang='lat' dir='ltr'><strong>undas</strong></span> 
     </span>
     <span class='ocr_line' id='line_1_37' title="bbox 117 3441 838 3513; baseline -0.001 -18"><span class='ocrx_word' id='word_1_234' title='bbox 117 3443 192 3498; x_wconf 84' lang='lat' dir='ltr'><strong>Senta</strong></span> <span class='ocrx_word' id='word_1_235' title='bbox 205 3449 293 3500; x_wconf 88' lang='lat' dir='ltr'><strong>virum</strong></span> <span class='ocrx_word' id='word_1_236' title='bbox 307 3447 453 3513; x_wconf 85' lang='lat' dir='ltr'><strong>galeasque</strong></span> <span class='ocrx_word' id='word_1_237' title='bbox 466 3450 494 3498; x_wconf 89' lang='lat' dir='ltr'><strong>et</strong></span> <span class='ocrx_word' id='word_1_238' title='bbox 505 3444 591 3497; x_wconf 84' lang='lat' dir='ltr'><strong>fortia</strong></span> <span class='ocrx_word' id='word_1_239' title='bbox 603 3458 721 3511; x_wconf 89' lang='lat' dir='ltr'><strong>corpora</strong></span> <span class='ocrx_word' id='word_1_240' title='bbox 737 3441 838 3508; x_wconf 86' lang='lat' dir='ltr'><strong>volves,</strong></span> 
     </span>
     <span class='ocr_line' id='line_1_38' title="bbox 117 3527 925 3602; baseline -0.002 -20"><span class='ocrx_word' id='word_1_241' title='bbox 117 3527 212 3597; x_wconf 82' lang='lat' dir='ltr'><strong>Thybri</strong></span> <span class='ocrx_word' id='word_1_242' title='bbox 224 3534 320 3602; x_wconf 88' lang='lat' dir='ltr'><strong>paterl</strong></span> <span class='ocrx_word' id='word_1_243' title='bbox 358 3533 479 3586; x_wconf 86' lang='lat' dir='ltr'><strong>Poscant</strong></span> <span class='ocrx_word' id='word_1_244' title='bbox 491 3531 572 3598; x_wconf 87' lang='lat' dir='ltr'><strong>acies,</strong></span> <span class='ocrx_word' id='word_1_245' title='bbox 585 3535 615 3584; x_wconf 90' lang='lat' dir='ltr'><strong>et</strong></span> <span class='ocrx_word' id='word_1_246' title='bbox 627 3529 741 3583; x_wconf 83' lang='lat' dir='ltr'><strong>foedera</strong></span> <span class='ocrx_word' id='word_1_247' title='bbox 753 3529 896 3597; x_wconf 83' lang='lat' dir='ltr'><strong>rumpenti</strong></span> <span class='ocrx_word' id='word_1_248' title='bbox 908 3527 925 3555; x_wconf 85' lang='lat'><strong>&#39;’</strong></span> 
     </span>
    </p>
   </div>
   <div class='ocr_carea' id='block_1_3' title="bbox 0 0 1336 3940">
    <p class='ocr_par' dir='ltr' id='par_1_4' title="bbox 0 0 1336 3940">
     <span class='ocr_line' id='line_1_39' title="bbox 0 0 1336 3940; baseline 0 0"><span class='ocrx_word' id='word_1_249' title='bbox 0 0 1336 3940; x_wconf 95' lang='lat' dir='ltr'><strong> </strong></span> 
     </span>
    </p>
   </div>
  </div>
 </body>
</html>
