2656 3940
408 241 546 292 vanem
568 241 732 291 Annnmos
755 241 799 292 lx.

109 397 161 455 Nec
172 399 280 472 longum
291 403 323 458 in
334 404 427 458 medio
439 410 556 474 tempus,
571 420 633 458 oum
646 404 750 458 clamor
762 403 795 458 ad
809 405 883 460 auris

108 487 236 558 Pervenit,
251 508 284 546 ao
295 491 372 545 videt
384 491 543 560 Euryalum,
558 507 640 560 quem
653 491 709 545 iam
720 507 819 545 manus
831 492 928 562 omnis,

107 575 204 630 Fraude
216 577 268 632 looi
281 583 309 632 et
321 579 421 647 noctis,
434 578 526 632 subito
539 578 669 632 turbante
681 578 810 647 tumultu,

108 661 262 732 Oppressum
276 666 350 734 rapit
362 671 390 719 st
402 669 548 720 conantem
560 664 681 734 plurima
692 665 802 720 frustra.

107 749 171 815 Quid
182 751 283 805 faciatl
303 768 357 820 qua
368 753 397 805 vi
409 753 544 822 iuvenem,
555 752 654 821 quibus
667 752 767 806 audeat
779 753 863 807 armis

105 835 226 906 Eriperel
245 855 281 892 an
294 855 353 892 sese
365 839 470 893 medios
481 840 634 893 moriturus
645 840 675 892 in
687 840 776 894 hostis

105 923 207 994 luserat,
221 930 250 979 et
262 925 407 994 pulchram
421 932 554 996 properet
566 943 616 995 per
630 927 744 982 volnera
755 931 893 983 mortem?

106 1010 180 1066 Ocius
191 1012 312 1066 adducto
325 1020 456 1082 torquens
467 1013 568 1068 hastile
580 1015 693 1083 lacerto,

104 1097 250 1168 Suspicione
263 1100 349 1154 altam
362 1101 396 1154 ad
408 1101 523 1172 Lunam,
540 1104 579 1156 sic
591 1121 659 1158 voce
671 1110 814 1174 precatur:

106 1187 120 1214 “
128 1187 171 1256 Tu,
184 1188 242 1255 dea,
256 1194 289 1241 tu
301 1205 431 1257 praesens
442 1198 540 1244 nostro
553 1207 681 1246 succurro
693 1192 790 1258 labori,

104 1275 240 1329 Astrorum
252 1276 338 1330 decus
350 1281 378 1330 et
390 1294 534 1332 nemorum
546 1280 665 1334 Latonia
676 1286 783 1348 custos3

104 1359 127 1413 Si
140 1379 189 1430 qua
200 1364 255 1417 tuis
267 1380 398 1433 umquam
412 1382 463 1433 pro
475 1383 520 1431 me
532 1372 613 1436 pater
625 1367 765 1435 Hyrtacus
780 1369 835 1422 aris

102 1447 174 1504 Dona
184 1451 254 1520 tulit,
271 1451 296 1504 si
307 1469 361 1521 qua
371 1453 429 1521 ipse
443 1454 512 1506 meis
526 1455 672 1509 venatibus
684 1455 755 1524 auxi,

103 1535 259 1606 Suspendive
273 1539 361 1611 tholo,
376 1546 424 1594 ant
436 1558 513 1596 saera
525 1543 558 1596 ad
572 1544 680 1611 fastigia
691 1543 756 1597 fixi:

102 1623 173 1679 Hunc
184 1628 240 1680 sine
252 1643 301 1680 me
312 1628 426 1682 turbare
439 1629 558 1697 globum,
574 1635 603 1683 et
614 1646 678 1699 rege
691 1630 747 1684 tela
758 1647 808 1700 per
821 1630 929 1684 auras.”

101 1708 213 1783 Dixerat,
228 1720 257 1768 et
269 1720 333 1768 toto
347 1716 462 1770 conixus
476 1734 591 1786 corpore
603 1717 709 1770 terrum

102 1797 207 1856 Gonioit.
244 1803 335 1857 Hasta
347 1803 445 1857 volans
458 1805 547 1858 noctis
560 1805 717 1859 diverberat
730 1806 848 1874 umbras,

101 1883 132 1938 Et
142 1889 213 1943 veuit
225 1891 319 1944 aversi
331 1890 360 1944 iu
372 1895 481 1960 tergum
496 1892 642 1961 Sulmonis,
656 1893 749 1962 ibique

100 1971 242 2048 Frangitur,
257 1995 290 2032 ac
302 1977 370 2032 fisso
383 1979 484 2033 transit
496 1980 659 2049 praecordia
670 1981 754 2048 liguo.

100 2057 219 2118 Volvitur
231 2066 279 2121 ille
291 2082 410 2120 vomens
423 2067 542 2121 calidum
555 2067 591 2121 de
603 2073 717 2136 pectore
728 2068 831 2122 flumen

100 2146 221 2222 Frigidus,
236 2159 264 2207 et
276 2154 368 2222 longis
382 2155 547 2223 singultibus
559 2155 607 2208 ilia
618 2155 717 2223 pulsat.

99 2232 196 2292 Diversi
209 2241 444 2310 circumspiciunt.
484 2242 546 2296 Hoc
560 2243 649 2297 acrior
660 2242 734 2296 idem

99 2320 161 2378 Ecce
173 2328 245 2382 aliud
257 2347 367 2384 summa
376 2330 463 2383 telum
478 2330 597 2384 librabat
610 2331 644 2384 ab
657 2347 731 2385 aure.

98 2405 162 2465 Dum
174 2417 321 2486 trepidant,
336 2417 370 2470 iit
382 2417 462 2471 hasta
476 2416 551 2486 Tago
564 2433 613 2486 per
624 2425 734 2486 tompus
746 2423 902 2486 utrumque,

99 2494 217 2574 Stridens,
232 2508 406 2576 traiectoque
420 2508 509 2562 haesit
522 2508 660 2576 tepefacta
672 2507 794 2560 cerebro.

98 2583 180 2643 Saevit
192 2597 271 2648 atrox
284 2595 431 2662 Volscens,
447 2612 499 2650 nec
512 2593 561 2648 teli
573 2593 708 2662 conspicit
721 2611 833 2663 usquam

98 2670 244 2749 ductorem,
258 2699 315 2736 neo
329 2699 426 2751 quoae
440 2682 539 2737 ardens
551 2681 704 2734 immittere
716 2681 810 2749 possit.

99 2760 112 2786 '⁴
121 2760 157 2816 Tu
167 2770 257 2822 tamen
271 2770 382 2825 interea
395 2770 485 2826 calido
499 2771 568 2824 mihi
582 2770 714 2839 sanguine
726 2786 830 2838 poenas

97 2842 226 2909 Persolves
238 2858 386 2912 amborum
395 2857 412 2886 ’‘
424 2859 532 2928 inquit3
556 2857 635 2912 simul
649 2874 714 2912 ense
727 2857 833 2911 recluso

97 2931 150 2990 lbat
161 2939 187 2992 in
198 2941 362 3012 Euryalum.
403 2945 471 2998 Tum
485 2963 553 3000 vero
566 2945 721 3013 exterritus,
737 2961 839 3009 amens,

98 3018 245 3084 Conclamat
257 3030 353 3100 Nisus,
368 3049 420 3086 nec
432 3049 461 3087 se
473 3033 563 3087 celare
576 3034 699 3088 tenebris

97 3106 219 3184 Amplius,
234 3125 282 3172 aut
294 3123 406 3172 tantum
420 3120 510 3188 potuit
522 3120 648 3188 perferre
661 3121 799 3174 dolorem:

99 3193 165 3267 “Me,
178 3218 227 3270 me,
242 3205 350 3273 adsum,
365 3206 411 3274 qui
423 3205 486 3271 ieci,
501 3207 529 3260 in
539 3224 584 3261 me
597 3208 752 3261 convertite
764 3207 878 3276 forrum,

97 3280 117 3332 0
128 3282 230 3344 Rutuli!
251 3308 316 3345 mea
328 3292 407 3345 trans
419 3293 523 3360 omnis;
544 3293 614 3346 nihil
626 3297 679 3347 iste
691 3311 741 3347 neo
755 3311 844 3362 ausus,

97 3364 148 3422 Nec
157 3377 260 3445 potuit3
281 3378 390 3432 caelum
404 3378 456 3433 boc
469 3385 496 3434 et
509 3381 618 3435 conscia
631 3380 720 3434 sidera
732 3386 836 3448 testor;

96 3453 201 3514 Tantum
214 3463 353 3519 infelicem
366 3465 482 3519 nimium
496 3467 594 3520 dilexit
608 3467 753 3520 amicum.'’

96 3537 160 3598 Talia
171 3547 243 3604 diota
254 3551 356 3618 dabat;
378 3552 427 3605 sed
440 3552 546 3607 viribus
558 3554 630 3607 ensis
643 3553 755 3608 adactus
