2706 3938
522 227 660 276 vascua
683 227 848 275 assumes
871 227 914 276 lV.

209 387 246 440 Te
259 393 373 457 propter
386 388 506 455 Libycae
518 394 614 456 gentes
627 387 838 456 Nomadumque
850 389 962 454 tyranni

209 475 307 544 Odere,
322 475 423 538 infensi
437 475 528 542 Tyrii;
549 479 577 528 te
590 483 704 544 propter
716 475 834 528 eundem

208 563 369 616 Exstinctus
378 563 469 631 pudor
481 569 517 628 et,
533 578 588 631 qua
600 562 658 615 sola
670 562 761 616 sidera
772 562 890 629 adibam,

208 650 292 704 Fama
305 651 389 719 prior.
427 649 478 702 Oui
489 666 534 702 me
547 649 741 702 moribundam
754 648 864 713 deseris,
878 649 997 718 hospes?

208 737 269 790 Hoc
283 737 370 790 solum
383 753 484 790 nomen
497 737 627 805 quoniam
639 736 674 789 de
686 737 803 803 coniuge
815 742 908 789 restat.

209 823 281 888 Quid
294 824 405 878 mororl
425 840 460 877 an
473 839 535 876 mea
546 822 709 891 Pygmalion
722 823 788 876 dum
801 824 911 876 moenia
922 823 1007 877 frater

208 911 347 979 Destruet,
363 916 411 964 aut
424 916 533 978 captam
546 910 629 964 ducat
642 909 777 964 Gaetulus
789 909 900 964 larbasi

208 998 312 1053 Saltem
326 999 348 1052 si
361 1015 415 1067 qua
427 998 495 1051 mihi
505 997 539 1051 de
552 1003 580 1050 te
593 1003 719 1066 suscepta
731 998 829 1050 fuisset

208 1087 284 1140 Ante
296 1087 390 1154 fugam
402 1085 517 1152 suboles,
533 1085 556 1137 si
569 1085 629 1152 quis
641 1085 708 1136 mihi
721 1084 851 1152 parvulus
863 1085 926 1139 aula

206 1174 327 1230 Luderet
339 1174 457 1239 Aeneas,
472 1173 518 1240 qui
532 1181 559 1224 tc
572 1177 665 1224 tamen
677 1189 725 1224 ore
737 1172 862 1239 referret,

208 1261 272 1315 Non
285 1260 412 1329 equidem
426 1261 541 1312 omnino
554 1264 635 1326 capta
647 1275 679 1312 ac
691 1258 800 1312 deserta
813 1259 947 1312 viderer.''

242 1349 365 1401 Dixerat.
403 1347 453 1400 Ille
466 1346 540 1399 lovis
552 1345 666 1398 monitis
677 1347 794 1400 immota
806 1347 919 1400 tenebat

207 1435 332 1503 Lumina,
347 1440 376 1488 ct
388 1434 505 1488 obnixus
518 1451 610 1488 curam
624 1435 674 1488 sub
687 1434 770 1488 corde
782 1435 931 1502 premebat.

207 1523 328 1576 Tandem
343 1539 429 1591 pauca
441 1523 545 1576 refert:
568 1521 653 1590 “Ego
665 1528 701 1590 te,
716 1539 785 1592 quae
799 1523 917 1592 plurima
931 1523 1013 1576 fando

206 1609 374 1663 Enumerare
388 1610 468 1676 valea,
482 1625 640 1678 numquam,
654 1609 769 1678 Regina,
784 1611 890 1678 negabo

207 1697 388 1751 Promeritam
402 1717 408 1766 ;
428 1716 481 1753 nec
493 1717 537 1752 me
551 1699 706 1752 meminisse
718 1698 825 1766 pigebit
837 1697 950 1766 Elissae,

206 1785 280 1837 Dum
291 1801 397 1838 mernor
410 1786 469 1854 ipse
480 1786 542 1853 mei,
558 1786 624 1838 dum
636 1785 748 1854 spiritus
760 1785 810 1838 bos
823 1785 894 1854 regit
906 1793 990 1839 artus.

205 1874 261 1928 Pro
274 1893 304 1929 re
317 1893 403 1945 pauca
414 1876 520 1946 loquar.
558 1875 655 1945 Neque
667 1893 719 1944 ego
732 1878 802 1930 hauc
815 1875 983 1930 abscondere
995 1875 1073 1928 furto

207 1961 393 2031 Speravi-ue
405 1963 615 2032 finge-fugam,
631 1981 682 2018 nec
691 1964 816 2032 coniugis
828 1978 958 2031 umquam

205 2049 353 2104 Praetendi
365 2051 460 2104 taedas
472 2055 520 2103 aut
532 2050 602 2104 haec
614 2051 643 2103 in
656 2051 769 2104 foedera
781 2051 853 2104 veni.

206 2139 251 2193 Me
263 2141 285 2194 si
298 2141 356 2196 fata
368 2143 436 2196 meis
448 2148 609 2211 paterentur
622 2143 722 2196 ducere
734 2144 820 2197 vitam

204 2227 343 2296 Auspiciis
356 2234 384 2282 et
396 2234 493 2297 sponte
505 2246 567 2283 mea
579 2245 745 2298 componere
758 2247 844 2299 curas,

205 2313 308 2368 Urbem
328 2314 474 2370 Troianam
487 2317 605 2384 primum
619 2317 760 2386 dulcisque
771 2334 896 2372 meorum

205 2401 346 2470 Reliquias
358 2403 485 2471 colerem,
500 2403 604 2457 Priami
613 2410 688 2458 tecta
700 2405 756 2458 alta
767 2409 920 2472 manerent,

204 2488 241 2541 Et
254 2489 376 2543 recidiva
387 2507 471 2544 manu
484 2491 635 2558 posuissem
648 2493 784 2560 Pergama
795 2493 886 2545 victis.

204 2573 258 2628 Sed
271 2592 345 2629 nunc
358 2576 464 2631 Italiam
478 2594 606 2646 magnam
620 2578 747 2646 Gryneus
761 2579 872 2648 Apollo,

204 2660 313 2716 Italiam
326 2662 425 2730 Lyciae
437 2664 541 2717 iussere
554 2681 694 2733 capessere
707 2671 809 2730 sortes3

204 2747 257 2802 llic
270 2766 354 2817 amor,
369 2750 437 2804 haec
450 2752 540 2819 putria
552 2757 602 2805 est.
640 2752 710 2806 Sita
723 2753 904 2821 Karthaginis
915 2770 999 2822 arces,

204 2834 390 2901 Phoenissam,
405 2837 577 2906 Libycaeque
589 2845 716 2906 aspectus
728 2839 835 2893 detinet
847 2840 930 2906 urbis,

203 2921 279 2987 Quae
292 2923 411 2991 tandem,
427 2923 551 2978 Ausonia
563 2925 683 2979 Teucros
696 2927 841 2980 considere
851 2931 933 2992 terra,

203 3008 311 3063 luvidia
324 3011 382 3064 esti
419 3009 455 3063 Et
468 3028 519 3064 nos
531 3012 573 3064 fas
585 3018 680 3066 extera
692 3029 823 3081 quaerere
833 3031 925 3082 regna.

202 3094 247 3149 Me
260 3097 347 3164 patris
360 3097 506 3166 Anchisae,
522 3099 650 3167 quotiens
661 3100 819 3154 umentibus
831 3101 937 3155 umbris

203 3181 265 3236 Nox
279 3185 370 3252 operit
383 3191 477 3251 terras,
492 3187 620 3253 quotiens
633 3193 708 3240 astra
719 3188 801 3255 ignea
814 3193 939 3255 surgunt,

202 3269 344 3324 Admonet
356 3272 384 3324 in
397 3273 499 3325 somnis
512 3278 540 3326 et
551 3273 663 3326 turbida
675 3281 761 3327 terret
773 3275 880 3342 imag03

202 3355 245 3409 Me
259 3373 326 3424 puer
339 3360 474 3412 Ascanius
487 3360 636 3429 capitisque
649 3361 749 3414 iniuria
761 3363 826 3428 cari,

202 3442 290 3506 Quem
303 3461 389 3512 regno
402 3445 549 3514 Hesperiae
560 3447 659 3500 fraudo
673 3457 701 3500 et
713 3449 845 3502 fatalibus
857 3450 937 3503 arvis.

203 3527 283 3584 Nune
295 3533 379 3585 etiarn
391 3533 527 3600 interpres
539 3534 641 3602 divom,
656 3534 722 3592 Ioue
734 3536 832 3588 missus
845 3537 879 3590 ab
891 3536 989 3605 ipso-
