2706 3938
520 225 657 274 vnuolur
680 225 845 274 auruleus
866 225 910 274 IV.

209 386 251 442 lre
264 389 336 440 viam
350 394 378 440 et
390 387 487 453 Tyrios
499 386 608 440 deserta
621 390 753 455 quaerere
766 393 849 441 terra.

206 473 391 527 Eumenidum
404 474 491 527 veluti
504 473 619 526 demens
632 473 709 526 videt
722 475 833 540 agmina
845 473 995 541 Pentheus,

207 562 243 615 Et
256 562 341 615 solem
354 561 493 628 geminum
507 568 535 613 et
547 560 666 628 duplicis
679 577 707 614 se
721 561 865 616 ostendere
877 560 1000 628 Thebas,

207 650 266 701 Aut
278 647 514 715 Agamemnonius
524 647 630 700 scaenis
643 647 765 715 agitatus
779 647 892 702 Orestes

206 737 353 788 Armatam
366 735 472 788 facibus
484 738 599 787 matrem
615 740 643 788 et
656 735 832 803 serpentibus
844 734 911 788 utris

207 823 277 876 (lum
289 821 367 889 fugit,
383 821 548 889 ultricesque
562 821 658 874 sedent
671 821 701 874 in
714 821 810 875 limine
822 821 916 876 Dirae.

241 908 315 976 Ergo
327 908 375 960 ubi
389 908 517 976 concepit
529 907 615 961 furius
627 908 719 962 evicta
732 908 828 962 dolore

206 995 391 1064 Decrevitque
402 995 481 1062 mori,
495 1000 604 1064 tempus
616 1012 709 1049 seeum
722 995 783 1064 ipsa
794 996 963 1065 modumque

206 1083 309 1152 Exigit,
324 1088 359 1151 et,
373 1087 506 1136 maestam
519 1082 600 1136 dictis
613 1100 742 1152 aggressa
753 1101 884 1153 sororem,

206 1170 356 1224 Consilium
371 1169 447 1223 voltu
460 1169 538 1238 tegit,
553 1186 585 1223 ao
598 1186 672 1238 spem
688 1171 782 1225 fronte
794 1178 919 1226 serenat:

208 1261 225 1287 “
234 1258 340 1326 Inveni,
355 1274 492 1325 germana,
507 1257 738 1326 viam-gratare
750 1260 875 1313 sorori-
936 1275 938 1280 ·

207 1346 284 1410 Quae
297 1345 364 1397 mihi
377 1344 475 1398 reddat
487 1362 559 1412 eum,
573 1344 619 1398 vel
631 1362 664 1399 eo
676 1363 721 1400 me
733 1346 823 1401 solvat
835 1353 985 1402 amantem.
1005 1377 1006 1382 =

207 1433 311 1487 Oceani
323 1431 405 1486 finem
418 1434 497 1487 iuxta
509 1433 649 1503 solemque
662 1435 806 1488 cadentem

198 1520 328 1573 ·.Ultimus
340 1520 511 1588 Aethiopum
523 1521 601 1575 locus
614 1527 662 1590 est,
678 1523 724 1576 ubi
735 1523 872 1576 maximus
886 1521 967 1576 Atlas

116 1670 119 1678 ,
207 1607 296 1661 Axem
310 1625 405 1662 umero
418 1613 529 1677 torquet
543 1610 629 1664 stellis
642 1610 802 1684 ardentibus
815 1615 924 1678 aptum:

206 1695 279 1749 Hinc
291 1696 359 1749 mihi
372 1695 506 1762 Massylae
520 1698 611 1763 gentis
623 1706 776 1751 monstrata
789 1696 924 1764 sacerdos,

206 1782 390 1851 Hesperidum
403 1783 500 1851 templi
514 1792 613 1851 custos,
628 1785 775 1854 epulasque
788 1784 900 1838 draconi

207 1869 283 1934 Quae
296 1870 379 1923 dabat
392 1876 420 1923 et
432 1888 524 1925 sacros
538 1872 667 1926 servabat
679 1873 708 1924 in
722 1873 819 1926 arbore
831 1887 932 1938 ramos,

205 1959 341 2027 Spargeus
356 1959 447 2012 umida
461 1959 542 2012 mella
554 1961 793 2028 soporiferumque
806 1975 934 2027 papaver.

206 2047 281 2102 Haec
294 2065 323 2101 se
336 2048 502 2101 carminibus
517 2048 657 2116 promittit
670 2047 777 2101 solvere
791 2051 904 2108 urentes

205 2135 280 2201 Quas
292 2138 366 2206 velit,
381 2143 423 2192 ast
436 2137 497 2191 aliis
511 2136 593 2188 (linas
605 2135 755 2188 immittere
768 2151 861 2199 curas3

205 2223 308 2278 Sistere
320 2242 418 2294 aquam
431 2225 529 2290 fluviis,
546 2228 574 2275 et
587 2227 695 2276 vertere
708 2221 798 2275 sidera
809 2227 899 2286 retro;

204 2311 232 2364 N
233 2317 417 2382 octurnosque
430 2314 485 2366 ciet
499 2311 602 2377 Manis3
622 2309 728 2377 mugire
741 2309 846 2362 videbis

205 2398 261 2453 Sub
274 2400 390 2468 pedibus
402 2406 512 2466 terram,
528 2407 556 2452 et
568 2397 734 2452 descendere
747 2396 889 2478 montibus
901 2411 994 2449 ornos.

204 2485 308 2555 Testor,
323 2505 394 2556 cara,
409 2489 476 2542 deos
490 2495 518 2542 et
531 2493 567 2555 te,
582 2501 722 2554 germana,
736 2489 869 2552 tuumque

204 2570 291 2626 Dulce
304 2583 394 2643 caput,
409 2576 528 2643 magicas
540 2574 656 2627 invitam
669 2571 805 2640 accingier
817 2571 892 2625 artis.

203 2657 244 2712 Tu
257 2668 364 2716 secreta
376 2680 472 2731 pyram
486 2669 561 2717 tecto
573 2662 705 2715 interiore
718 2661 768 2714 sub
781 2675 860 2714 auras

203 2747 295 2816 Erige,
310 2755 338 2804 et
350 2767 427 2804 arma
439 2751 500 2816 viri,
516 2751 637 2804 thalamo
651 2766 721 2819 quae
732 2748 788 2802 fixa
800 2745 911 2815 reliquit

204 2833 314 2902 Impius,
330 2837 496 2905 exuviasque
510 2836 606 2902 omnis,
623 2836 780 2904 lectumque
792 2832 919 2902 iugalem,

204 2920 265 2985 Quo
277 2923 354 2990 perii,
369 2924 593 2992 superimponas:
614 2923 723 2977 abolere
735 2921 850 2976 nefandi

204 3007 310 3062 Cuncta
323 3010 376 3062 viri
388 3015 569 3063 monumenta
581 3009 667 3075 iuvat,
684 3011 876 3075 monstratque
888 3005 1034 3060 sacerdos!

203 3095 279 3150 Haec
292 3097 375 3150 effata
387 3098 456 3166 silet,
472 3097 559 3165 pallor
572 3096 653 3149 simul
667 3101 785 3163 occupat
798 3111 854 3150 ora

203 3183 266 3239 Non
280 3189 372 3238 tamen
386 3186 469 3238 Anna
482 3184 560 3237 novis
572 3189 734 3253 praetexere
747 3183 844 3235 funera
857 3181 942 3236 sacris

202 3270 368 3325 Germanum
383 3271 478 3338 credit,
494 3287 545 3324 neo
558 3275 652 3324 tentos
663 3274 757 3322 mente
770 3269 879 3322 furores

202 3357 340 3426 Concipit,
354 3363 402 3412 aut
414 3359 544 3427 graviora
554 3358 636 3410 timet
659 3372 740 3423 quam
752 3360 843 3408 morte
856 3353 981 3421 Sychaei.

201 3443 274 3510 Ergo
288 3444 359 3498 iussa
371 3449 458 3512 parat.

237 3532 277 3581 At
289 3532 390 3598 regine,
404 3547 474 3598 pyra
485 3531 621 3598 penetrali
634 3531 661 3582 in
675 3528 740 3582 sede
752 3529 803 3582 sub
816 3544 896 3582 auras
