2706 3938
522 222 660 272 VERGILI
683 223 849 272 annnlnos
871 223 917 272 ΠΙ.

209 383 327 452 Hieme,
341 384 406 438 dum
421 384 521 454 trepidi
534 384 656 438 crudelia
668 384 763 438 limina
775 384 912 453 linquunt,

208 470 386 525 Immemores
399 473 466 526 socii
479 477 558 525 vasto
571 471 700 540 Cyclopis
711 471 741 524 in
753 477 834 525 antro

208 557 369 612 Deseruere.
407 558 514 612 Domus
527 559 603 612 sanie
615 559 786 627 dapibusque
799 559 927 627 cruentis,

207 643 286 698 Intus
299 661 390 714 opaca,
405 646 510 714 ingens.
548 646 612 714 Ipse
625 646 735 713 arduus,
750 646 859 715 altaque
872 647 966 716 pulsat

208 731 384 801 Sidera-Di,
398 733 482 787 talem
494 733 576 786 terris
589 733 707 786 avertite
720 739 825 801 postam
835 734 880 787 l—

207 817 267 873 Neo
279 820 340 872 visu
353 820 442 874 facilis
455 837 504 874 nec
517 821 591 873 dictu
606 819 735 874 adfabilis
747 820 804 875 ulli.

208 905 368 960 Visceribus
380 908 542 961 miserorum
556 913 584 960 et
597 908 730 976 sanguine
742 909 863 962 vescitur
875 915 944 964 atro.

207 992 275 1047 Vidi
287 1000 403 1062 egomet,
418 994 473 1047 duo
486 994 519 1047 de
532 1011 648 1048 numero
662 1012 724 1049 cum
738 996 854 1063 &rpora
866 1001 963 1050 nostro

206 1079 310 1134 Prensa
322 1098 407 1135 manu
419 1098 519 1150 magna
532 1081 623 1135 medio
636 1082 781 1150 resupinus
793 1083 822 1135 in
835 1088 916 1136 antro

206 1166 357 1236 Frangeret
370 1168 405 1222 ad
418 1185 522 1235 saxum,
538 1168 666 1237 sanieque
680 1185 810 1237 exuperes
821 1175 950 1223 natarent

206 1254 329 1324 Limina3
349 1255 406 1308 vidi
420 1261 481 1309 atro
494 1273 557 1309 cum
570 1257 694 1309 membra
706 1255 821 1311 fluentia
834 1257 899 1310 tabo

206 1341 359 1409 Manderet,
375 1348 402 1396 et
415 1342 503 1412 tepidi
516 1349 667 1396 tremerent
680 1344 730 1396 sub
743 1343 872 1397 dentibus
884 1354 923 1398 art
929 1361 967 1398 us.

206 1428 288 1482 Haud
301 1429 413 1498 impune
428 1430 553 1498 quidem;
575 1447 626 1484 nec
639 1431 706 1484 talia
717 1447 813 1500 passus
826 1431 929 1500 Ulixes,

207 1513 350 1569 Oblitusve
363 1515 405 1568 sui
417 1523 460 1570 est
473 1516 585 1570 Ithacus
598 1517 755 1571 discrimine
768 1525 854 1571 tantu.

206 1601 278 1656 Nam
292 1603 372 1663 simul
385 1604 511 1672 expletus
524 1603 640 1670 dapibus
653 1605 772 1674 vinoque
785 1605 909 1674 sepultus

206 1690 349 1744 Cervicem
362 1689 492 1744 inflexam
504 1691 604 1759 posuit,
618 1692 757 1760 iacuitque
770 1709 820 1761 per
832 1698 942 1746 antrum

205 1776 366 1845 Immensus,
381 1778 485 1831 saniem
498 1784 626 1832 eructans
638 1785 666 1832 et
679 1779 766 1833 frusta
778 1785 893 1833 cruento

205 1864 260 1918 Per
272 1882 398 1920 somnum
412 1869 561 1922 commixta
572 1885 657 1936 mero,
671 1886 730 1937 nos,
745 1885 846 1936 magna
861 1869 965 1937 precati

205 1950 328 2006 Numina
340 1955 487 2024 sortitique
500 1955 581 2023 vices,
597 1973 652 2010 una
663 1955 784 2025 undique
797 1956 900 2009 circum

205 2044 364 2113 Funffimur,
380 2053 408 2100 et
419 2046 476 2100 telo
487 2046 581 2100 lumen
594 2047 766 2100 terebramus
779 2051 868 2110 acuto,

176 2164 178 2168 -
204 2130 312 2202 ingens,
327 2133 401 2202 quod
414 2139 494 2187 torva
506 2135 594 2186 solum
609 2133 659 2187 sub
671 2133 766 2187 fronte
779 2133 890 2201 latebat,

204 2220 327 2289 Argolici
341 2221 419 2290 clipei
433 2228 481 2276 aut
493 2221 639 2276 Phoebeae
650 2222 786 2291 lampadis
798 2223 893 2287 instar,

203 2306 240 2361 Et
251 2308 362 2362 tandem
375 2308 440 2362 laeti
453 2309 589 2362 sociorum
603 2310 760 2362 ulciscimur
773 2309 892 2363 umbras.

204 2394 258 2448 Sed
271 2395 367 2464 fugite,
382 2412 399 2449 0
410 2396 511 2464 miseri,
526 2396 621 2464 fugite,
637 2403 719 2464 atqua
732 2396 767 2450 ab
779 2396 861 2450 litore
873 2396 969 2449 funem

203 2480 342 2550 Rumpite.

203 2566 275 2621 Nam
289 2569 377 2636 qualis
389 2575 562 2639 quantusque
575 2587 643 2625 cavo
655 2571 842 2640 Polyphemus
853 2572 883 2623 in
896 2578 977 2624 antro

203 2653 350 2723 Lanigeras
363 2656 465 2710 claudit
477 2657 597 2726 pecudes
609 2664 691 2726 atque
703 2659 789 2711 ubera
801 2662 915 2726 pressat,

204 2740 322 2794 (lentum
335 2743 381 2796 alii
394 2761 478 2798 curva
489 2745 558 2798 haec
571 2745 698 2798 habitant
710 2745 743 2798 ad
756 2745 840 2799 litora
852 2744 934 2812 volgo

203 2826 315 2879 Infandi
329 2826 462 2897 Cyclopes
475 2837 503 2883 et
515 2829 578 2883 altis
589 2830 732 2884 montibus
745 2836 846 2884 errant.

203 2913 296 2968 Tertia
306 2916 362 2969 iam
375 2915 469 2970 Lunae
482 2934 510 2970 se
523 2933 627 2972 cornua
639 2917 743 2971 lumine
755 2918 902 2987 complent,

204 3002 272 3056 (lum
286 3004 372 3056 vitam
385 3003 414 3056 in
427 3003 503 3057 silvis
514 3005 588 3058 inter
600 3005 710 3059 deserta
722 3005 841 3059 ferarum

203 3087 302 3144 Lustra
314 3089 466 3159 domosque
477 3091 567 3159 traho,
583 3097 732 3160 vastosque
745 3092 778 3145 ab
792 3108 860 3161 rupe
874 3091 1010 3160 Cyclopas

202 3175 351 3245 Prospicio,
366 3177 540 3246 sonitumque
552 3179 652 3248 pedum
668 3195 817 3248 vocemque
829 3184 974 3232 tremesco

202 3261 317 3315 Victum
330 3263 476 3331 infelicem,
492 3265 574 3318 bacas
586 3264 763 3334 lapidosaque
776 3282 867 3333 corna,

202 3349 277 3403 Dant
290 3350 367 3416 rami,
382 3355 410 3403 et
423 3350 506 3404 vulsis
519 3359 636 3419 pascunt
648 3351 788 3406 radicibus
799 3352 910 3406 herbae.

203 3436 304 3490 Omnia
316 3436 496 3506 conlustrans,
511 3439 583 3493 hano
595 3439 713 3507 primunr
727 3439 761 3492 ad
775 3439 856 3493 litora
868 3438 980 3493 classem

203 3522 341 3591 Oonspexi
355 3525 520 3578 venientem.
558 3525 632 3578 Huic
644 3541 696 3592 me,
711 3539 899 3594 quaecumque
911 3525 1016 3592 luisset,
