2656 3940
427 227 564 278 VERGILI
587 229 752 278 AENEIDOS
775 229 818 279 tx.

111 392 175 444 “Di
188 391 283 460 patrii,
298 407 416 459 quorum
429 406 537 459 semper
549 390 601 444 sub
613 391 727 444 numine
739 389 822 445 Trois
835 396 885 457 est,

108 478 175 532 Nou
188 483 287 532 tamen
300 477 416 530 omnino
428 476 547 530 Teucros
560 477 651 530 delere
663 478 774 546 paratis,

109 565 181 618 Oum
196 565 263 618 talis
275 563 382 618 animos
394 563 525 616 iuvenum
539 569 567 617 et
579 569 636 617 tam
649 571 726 619 certa
738 566 840 620 tulistis

108 650 345 705 Pectora”-Sic
357 667 520 718 memorans,
534 667 645 705 umeros
657 652 823 722 dextrasque
836 655 949 710 tenebat

109 739 279 806 Amborum,
294 743 323 791 et
335 738 440 791 voltum
453 737 573 792 lacrimis
586 743 669 806 atque
682 755 731 793 ora
743 740 897 807 rigabat.—

111 829 128 854 “
137 825 219 890 Quae
232 825 319 893 vobis,
335 841 405 894 quae
417 824 506 894 digua,
521 825 582 894 viri,
596 842 647 894 pro
659 826 786 880 laudibus
798 827 859 882 istis

108 912 242 966 Praemia
253 927 335 980 posse
348 928 410 965 rear
422 911 511 966 solvit
529 911 716 981 pulcherrima
728 915 847 983 primum

108 1000 147 1054 Di
159 1016 309 1069 moresque
322 999 428 1054 dabunt
441 999 541 1068 vestri3
562 1005 622 1054 tum
635 1008 728 1055 cetera
739 1001 837 1057 reddet

89 1151 91 1156 Ι
110 1090 250 1142 Actutum
265 1087 326 1156 pins
339 1088 447 1142 Aeneas
460 1093 542 1158 atque
554 1087 662 1156 integer
675 1091 734 1143 aevi

109 1176 259 1242 Ascanius,
274 1175 368 1229 meriti
380 1177 451 1230 tanti
464 1192 521 1228 non
534 1175 679 1229 immemor
692 1178 850 1246 umqnam.''

112 1266 130 1292 “
140 1262 234 1316 Immo
246 1278 298 1331 ego
312 1278 371 1331 vos,
387 1263 431 1316 cui
443 1262 502 1316 sola
515 1262 586 1316 salus
598 1263 723 1331 genitore
735 1264 878 1333 reducto,'‘

109 1350 226 1419 Excipit
240 1348 385 1417 Ascanius,
403 1351 419 1378 ‘⁴
429 1366 479 1418 per
491 1366 613 1418 magnos,
628 1348 703 1420 Nise,
718 1350 830 1406 Penatis

111 1437 299 1506 Assaracique
312 1437 410 1491 Larem
423 1443 452 1491 et
464 1455 549 1493 cauae
561 1438 715 1508 penetralia
728 1438 830 1493 Vestae

111 1527 265 1595 Obtestor;
286 1543 472 1596 quaecumque
484 1526 553 1580 mihi
565 1526 677 1580 fortuna
689 1526 810 1595 fidesque
824 1536 873 1596 est,

111 1616 145 1669 In
159 1616 261 1670 vestris
274 1631 349 1684 pono
361 1614 489 1684 gremiis:
512 1621 640 1670 revocate
652 1621 805 1684 parentem,

111 1705 233 1759 Reddite
248 1713 441 1776 conspectum:
461 1706 531 1761 nihil
544 1706 593 1760 illo
605 1706 685 1760 triste
699 1713 818 1775 recepto.

111 1791 187 1846 Bina
198 1793 272 1847 dabo
285 1800 400 1864 argento
412 1796 538 1863 perfecta
549 1799 632 1863 atque
645 1810 742 1862 aspera
753 1794 839 1862 signis

110 1885 226 1954 Pocula,
242 1886 350 1942 devicta
362 1887 471 1954 genitor
484 1902 553 1955 qnae
566 1884 640 1952 oepit
652 1882 760 1949 Arisba,

110 1976 149 2030 Et
161 1978 287 2047 tripodas
300 1978 432 2046 geminos,
448 1977 508 2032 auri
517 1976 576 2030 duo
588 1992 688 2044 magua
700 1975 812 2042 talenta,

112 2063 231 2120 Cratera
243 2066 394 2135 antiquum,
409 2082 488 2135 quem
503 2064 551 2118 dat
564 2063 678 2118 Sidonia
690 2063 771 2117 Dido.

111 2151 142 2205 Si
156 2169 224 2207 vero
238 2170 335 2222 capere
347 2153 456 2208 Italiam
469 2155 639 2224 sceptrisque
651 2153 736 2222 potiri

112 2239 273 2308 Contigerit
286 2242 393 2309 victori,
408 2247 436 2296 et
447 2242 567 2311 praedae
580 2242 670 2296 dicere
683 2248 801 2296 sortem:

112 2326 227 2394 Vidisti,
242 2345 297 2396 quo
310 2327 418 2382 Turnus
432 2346 509 2399 equo,
526 2330 625 2398 quibus
636 2329 696 2384 ibat
708 2329 737 2382 in
750 2330 834 2384 armis

112 2415 240 2480 Aureus;
261 2416 351 2484 ipsum
363 2416 449 2484 illum,
466 2417 585 2487 elipeum
597 2417 749 2486 cristasque
762 2417 887 2471 rubentis

110 2501 259 2570 Excipiam
272 2504 347 2569 sorti,
363 2503 419 2558 iam
431 2521 505 2558 nnnc
517 2509 567 2558 tna
579 2505 709 2573 praemia,
727 2504 801 2559 Nise.

110 2588 262 2643 Praeterea
274 2590 317 2644 bis
330 2607 377 2644 sex
391 2592 500 2660 genitor
513 2592 662 2646 lectissima
673 2598 793 2646 matrum

111 2676 239 2745 Corpora
252 2678 430 2747 captivosque
442 2679 527 2747 dabit,
542 2695 646 2748 suaque
659 2680 786 2734 omnibus
799 2695 890 2744 arma;

110 2763 231 2832 Insuper
243 2764 295 2830 bis,
310 2766 400 2834 campi
414 2767 488 2834 quod
501 2783 549 2820 rex
562 2766 647 2821 habet
661 2767 720 2836 ipse
732 2766 854 2821 Latinus.

110 2851 150 2906 Te
163 2868 239 2918 vero,
251 2869 314 2906 mea
328 2869 407 2921 quern
422 2855 518 2923 spatiis
531 2854 707 2923 propioribus
719 2861 794 2908 aetas

110 2939 278 3008 Insequitur,
294 2941 448 2995 venerande
461 2958 537 3010 puer,
551 2942 604 2996 iam
618 2949 731 3011 pectore
743 2948 804 2996 toto

111 3026 231 3096 Accipio
243 3032 272 3080 et
285 3027 414 3081 comitem
430 3045 510 3082 casus
525 3029 695 3098 complector
707 3030 734 3082 iu
749 3029 846 3084 omnis.

110 3112 195 3168 Nulla
208 3115 277 3169 meis
289 3115 349 3168 sine
361 3125 390 3170 te
403 3121 550 3184 quaeretur
563 3117 650 3183 gloria
662 3118 759 3184 rebus3

110 3201 164 3255 Seu
177 3219 273 3271 paoem
286 3219 335 3256 seu
348 3202 420 3256 bella
432 3220 534 3271 geram,
549 3204 599 3258 tibi
612 3205 733 3258 maxima
744 3221 837 3258 rerum

109 3288 323 3360 Verbornmque
337 3289 434 3343 fides.’'
472 3291 577 3345 Contra
589 3309 669 3360 quem
685 3291 751 3346 talia
762 3293 840 3345 fatur

110 3375 260 3444 Euryalus:
284 3377 357 3432 “Me
371 3377 449 3430 nulla
462 3377 520 3430 dies
533 3381 590 3430 tam
603 3378 725 3432 fortibus
738 3378 812 3432 ansis

109 3462 274 3521 Dissimilem
289 3465 432 3534 arguerit3
453 3469 563 3517 tentum
576 3465 689 3518 fortuna
702 3464 822 3518 secunda

108 3551 186 3608 Hand
199 3555 321 3610 adversa
333 3551 425 3606 cadat.
465 3549 518 3604 Sed
531 3555 561 3604 te
574 3568 656 3618 super
670 3552 762 3604 omnia
774 3551 848 3604 dona
