2656 3940
386 212 522 262 vusseltl
546 212 710 261 nunninus
732 213 775 262 XI.

89 371 241 442 Mandemus‚
255 375 302 444 qui
315 373 390 428 solus
400 374 490 428 honos
503 373 664 428 Acheronte
680 373 730 428 snb
743 375 800 428 imo
813 373 883 428 sst.'’

91 461 104 486 “
113 460 174 529 lte‚”
186 463 230 529 ait,
246 465 262 490 “
271 462 396 530 egregias
409 462 521 528 enimes,
535 479 605 531 quae
618 463 750 530 sanguine
763 462 843 515 nobis

90 545 156 601 liene
168 549 279 616 patriam
293 564 424 617 peperere
436 565 494 616 suo,
509 548 639 602 decorate
651 549 788 616 supremis

89 633 238 703 Muneribus,
253 648 440 704 maestamque
452 636 575 689 Euandri
589 637 693 704 primus
706 637 742 690 ad
754 636 851 690 urbem

88 719 200 775 Mittatur
211 722 308 788 Pallas,
324 739 404 790 quem
416 739 474 776 non
486 724 597 776 virtutis
610 729 735 791 egentem

87 806 197 861 Abstulit
209 813 269 862 atra
281 809 340 862 dics
353 815 381 861 et
393 811 489 864 funere
501 811 598 863 mersit
611 810 738 864 acerbo.”

116 894 155 950 Sic
167 899 204 951 ait
215 898 391 952 inlacrimans
403 898 556 968 recipitque
570 899 603 953 cd
617 899 713 952 limina
725 915 856 968 gressum,

87 981 182 1052 Corpus
193 986 239 1038 ubi
253 986 373 1038 exanimi
385 986 503 1054 positum
518 986 652 1040 Pallantis
664 986 785 1040 Acoetes

87 1069 206 1126 Servabat
218 1075 318 1143 senior,
333 1075 379 1143 qui
392 1075 539 1130 Parrhasio
552 1075 683 1129 Euandro

86 1157 201 1227 Armiger
213 1167 278 1215 ante
292 1161 351 1230 fuit,
366 1162 413 1216 sed
426 1178 483 1216 non
494 1163 621 1217 felicibus
633 1180 720 1232 aeque

86 1244 146 1298 lbm
158 1263 245 1301 comes
259 1250 387 1318 auspiciis
399 1267 464 1304 caro
477 1250 558 1306 datus
570 1250 628 1304 ibat
641 1251 759 1304 alumno.

86 1334 182 1390 tircnm
195 1339 286 1392 omnis
301 1339 488 1409 famulumque
500 1357 598 1394 manns
610 1341 783 1409 Troianaque
795 1340 877 1393 turba

85 1419 117 1474 Et
126 1430 254 1479 maestum
267 1425 370 1480 Iliades
383 1427 486 1480 crinem
499 1427 622 1482 demere
635 1428 747 1482 solutae.

86 1507 118 1562 Ut
129 1529 189 1566 vero
202 1514 313 1568 Aeneas
327 1514 433 1568 t'oribus
445 1531 505 1570 sese
516 1516 611 1570 intulit
623 1517 694 1580 altis,

85 1596 214 1668 Ingentem
227 1605 362 1673 gemitum
375 1606 466 1658 tunsis
478 1604 513 1658 ad
527 1605 616 1658 sidera
628 1603 730 1657 tollunt

84 1681 241 1760 Pectoribus,
255 1698 418 1762 maestoque
429 1694 558 1762 immugit
571 1694 646 1761 regia
657 1693 743 1747 luctu.

84 1772 144 1845 Ipse,
160 1785 240 1848 caput
252 1781 328 1833 nivei
341 1781 442 1834 fultum
456 1781 590 1834 Pallantis
603 1787 631 1835 et
644 1797 692 1834 ora

85 1859 116 1914 Ut
129 1865 193 1921 vidit
204 1869 315 1938 levique
328 1871 467 1939 potensin
481 1876 592 1939 pectore
606 1869 704 1922 volnus

85 1951 199 2021 Cuspidis
213 1957 362 2025 Ausoniae,
377 1958 495 2012 lacrimis
508 1958 547 2011 ita
558 1958 634 2011 fatur
647 1958 767 2011 obortis:

86 2039 198 2110 '‘Tene''
212 2046 312 2115 inquit,
330 2045 509 2099 “miserande
521 2062 598 2115 puer,
611 2061 674 2098 curn
686 2045 759 2098 lacta
770 2046 886 2114 veniret,

82 2128 174 2186 Invidit
186 2134 313 2188 Fortuna
324 2135 401 2202 mibi,
415 2152 451 2188 ne
464 2151 548 2204 regna
560 2134 668 2187 videres

83 2215 182 2289 Nostra,
195 2239 286 2292 neque
300 2222 335 2276 ad
349 2222 427 2276 sedes
440 2223 528 2276 victor
539 2222 672 2277 veherere
684 2222 831 2292 paternas?

82 2301 105 2355 N
107 2323 138 2360 on
150 2308 216 2364 baec
228 2309 362 2364 Euandro
376 2310 410 2364 de
423 2316 450 2364 te
462 2311 598 2380 promissa
609 2312 717 2379 parenti

82 2391 220 2454 Discedens
233 2401 373 2462 dederam,
388 2417 452 2454 eum
464 2416 508 2452 me
521 2398 681 2467 complexus
694 2403 805 2453 euntem

81 2480 192 2542 Mitteret
204 2490 234 2542 in
247 2505 380 2558 magnum
392 2487 546 2555 imperium,
559 2490 739 2555 metnensque
756 2490 882 2540 moneret

81 2571 153 2627 Acris
165 2593 222 2630 esse
235 2577 327 2642 viros3
348 2591 411 2629 cum
424 2574 493 2628 dura
504 2573 611 2642 proelia
622 2578 713 2641 gente.

79 2654 111 2712 Et
121 2677 190 2716 nunc
202 2663 249 2717 illo
262 2663 375 2732 quidem
389 2679 438 2731 spe
450 2661 567 2714 multum
583 2666 679 2729 captus
691 2661 767 2714 inani

79 2743 140 2802 Fors
151 2755 178 2803 et
190 2757 255 2805 vota
267 2751 346 2818 facit,
361 2749 536 2818 cumulatque
550 2749 647 2802 altaria
659 2748 754 2814 donis3

80 2828 131 2888 Nos
141 2836 268 2893 iuvenem
284 2838 443 2892 exanimum
456 2842 485 2890 et
497 2836 537 2889 nil
549 2836 604 2890 iam
617 2835 780 2889 caelestibus
791 2834 853 2887 ullis

80 2917 222 2979 Debentem
236 2941 312 2980 vano
324 2925 422 2978 maesti
435 2925 598 2978 comitamur
610 2923 725 2977 honore.

81 3003 176 3079 Infelix,
190 3013 249 3066 nati
262 3013 349 3065 funus
361 3011 471 3065 crudele
486 3011 604 3065 videbisl

81 3092 112 3147 Hi
122 3101 205 3152 nostri
218 3099 335 3165 reditus,
351 3099 557 3167 exspectatique
569 3099 722 3168 triumphil

81 3179 147 3237 Haec
158 3203 219 3240 mea
232 3203 335 3254 magna
347 3186 433 3239 fidesl
470 3186 510 3238 At
522 3202 586 3248 non,
600 3185 738 3253 Euandre,
752 3185 887 3254 pudendis

80 3265 238 3328 Vulneribus
251 3274 361 3343 pulsum
376 3272 508 3341 aspicies3
529 3289 581 3327 nec
594 3274 697 3341 sospite
710 3272 800 3325 dirum

82 3355 187 3424 Optabis
198 3368 267 3415 nato
280 3361 363 3414 funus
376 3365 463 3429 pater.
501 3360 533 3412 Ei
549 3360 625 3421 mihi,
641 3364 776 3428 quantum

79 3440 240 3502 Praesidium
254 3447 380 3502 Ausonia
394 3454 423 3500 et
436 3452 569 3516 quantum
584 3452 614 3499 tn
627 3446 727 3514 perdis,
742 3445 801 3498 Iulo
811 3447 817 3501 i
829 3446 846 3473 '⁹

110 3530 180 3588 Haec
192 3536 240 3588 ubi
254 3533 375 3603 deflevit,
391 3533 452 3588 tolli
465 3534 620 3587 miserabile
633 3549 734 3600 corpus
