2706 3938
513 248 649 300 VERGlLl
673 250 837 298 AENEIDOS
859 250 904 301 IV.

197 407 361 478 Coniugium
376 416 474 476 vocat,
496 411 549 464 hoc
563 413 699 479 praetexit
710 413 820 466 nomine
834 413 951 481 culpam.

232 496 381 566 Extemplo
394 498 499 566 Libyae
511 517 625 568 magnas
637 501 660 553 it
673 500 757 554 Fama
771 517 820 568 per
833 503 921 569 urbes,

197 582 289 652 Fama,
304 585 406 639 malum
420 603 473 654 qua
484 604 542 640 nou
556 588 629 641 aliud
645 586 766 641 velocius
781 587 864 640 ullum

198 671 352 726 Mobilitata
364 673 446 742 viget,
462 674 582 743 virisque
595 675 714 743 adquirit
728 675 832 728 eundo:

198 758 288 813 Parva
301 765 376 814 metu
390 761 497 829 prim03
518 779 583 815 mox
597 779 656 816 sese
670 762 772 815 attollit
786 763 916 829 inauras,

198 845 410 916 ingrediturque
424 848 490 916 solu,
505 854 533 902 et
547 859 630 918 caput
644 851 716 902 inter
730 849 824 902 nubila
836 849 939 903 condit.

198 933 276 987 Illam
289 934 372 988 Terra
385 952 491 1003 parens,
507 936 548 989 ira
560 937 674 990 inritata
687 937 809 1005 deorum,

198 1020 365 1089 Extremam,
382 1027 412 1075 ut
424 1023 581 1092 perhibent,
598 1023 673 1076 (loeo
686 1023 881 1091 Enceladoque
895 1041 1018 1078 sororem

198 1109 357 1177 Progenuit,
373 1111 489 1178 pedibus
502 1111 618 1164 celerem
633 1119 661 1163 et
676 1111 832 1178 pernicibus
845 1111 902 1178 alis,
1168 1115 1220 1165 18⁰

199 1196 353 1250 Monstrum
366 1197 542 1266 horrendum,
558 1198 662 1266 iugens,
678 1198 730 1265 cui,
746 1204 812 1265 quot
826 1203 889 1251 sunt
903 1215 1020 1267 corpore
1033 1199 1152 1269 plumae,

198 1283 251 1337 Tot
263 1284 359 1352 vigiles
373 1285 444 1338 oculi
457 1286 560 1348 subter,
576 1285 700 1338 mirabile
714 1284 798 1353 dictu,

199 1370 251 1424 Tot
262 1371 379 1439 linguae,
394 1372 510 1425 totidem
525 1389 574 1426 ora
586 1377 694 1440 sonant,
711 1377 753 1424 tot
766 1372 884 1441 subrigit
896 1373 978 1428 anns.

199 1457 289 1530 Nocte
303 1459 376 1512 volat
389 1459 456 1512 caeli
469 1460 561 1513 medic
573 1465 718 1528 terraeque
731 1475 782 1527 per
794 1461 930 1526 umbram,

199 1545 331 1611 Stridens,
345 1563 395 1600 neo
408 1547 481 1600 dulci
494 1547 614 1600 declinat
625 1547 731 1599 lumina
743 1562 856 1613 somno;

199 1633 272 1687 Luce
285 1633 361 1686 sedat
373 1639 465 1688 custos
478 1639 526 1688 aut
539 1635 637 1687 summi
651 1634 770 1688 culmine
784 1633 859 1701 tecti,

199 1721 331 1774 Turribus
344 1728 391 1774 aut
404 1722 473 1791 altis,
489 1727 516 1775 et
529 1737 642 1789 magnas
654 1721 765 1775 territat
778 1721 867 1789 urbes,

199 1808 266 1861 Tam
278 1807 335 1860 ficti
348 1810 480 1876 pravique
492 1813 584 1875 tenax,
600 1825 681 1876 quam
696 1808 791 1862 nuntia
804 1809 871 1862 veri.

199 1896 275 1950 Haec
287 1901 347 1948 tum
359 1895 504 1964 multiplici
518 1896 634 1964 populos
647 1913 772 1951 sermone
785 1899 909 1967 replebat

199 1983 329 2036 Gaudens
342 1988 371 2036 et
381 1983 487 2052 pariter
499 1983 575 2036 iacta
588 1990 669 2051 atque
683 1985 787 2039 infecta
801 1986 932 2040 canebat:

200 2069 318 2124 Venisse
331 2070 452 2137 Aenean,
465 2069 584 2123 Troiano
598 2072 730 2138 sanguine
747 2079 861 2138 cretum,

199 2157 250 2211 Oui
263 2175 291 2212 se
303 2158 419 2226 pulchra
431 2158 492 2211 viro
506 2157 635 2226 dignetur
648 2160 762 2228 iungere
776 2161 865 2229 Did0;

199 2243 280 2298 Nunc
293 2244 411 2298 hiemem
424 2245 498 2297 inter
511 2261 539 2297 se
552 2244 626 2312 luxu,
643 2261 725 2313 quam
739 2247 829 2315 longa,
844 2249 940 2302 fovere

198 2331 355 2399 Regnorum
369 2332 545 2384 immemores
558 2333 688 2400 turpique
702 2335 828 2404 cupidine
842 2341 944 2404 captos.

198 2419 273 2472 Haec
285 2420 385 2487 passim
399 2419 450 2472 dea
463 2419 543 2472 foeda
557 2418 647 2472 virum
661 2419 791 2475 diffundit
804 2423 832 2474 in
845 2439 901 2475 ora.

197 2506 329 2559 Protinus
341 2506 373 2559 ad
389 2523 481 2573 regem
496 2522 591 2560 cursus
606 2507 752 2576 detorquet
766 2509 875 2577 Iarban,

196 2592 380 2662 Incenditque.
390 2594 510 2646 animum
524 2593 606 2647 dictis
620 2599 701 2664 atque
715 2603 828 2665 aggerat
840 2597 902 2651 iras.

231 2680 283 2734 Hie
294 2680 450 2734 Hammone
463 2687 545 2748 satus,
560 2690 640 2750 rapta
653 2683 850 2737 Garamantide
863 2683 1004 2754 Nympha,

195 2767 308 2837 Templa
320 2767 379 2821 Iovi
393 2773 502 2821 centum
515 2769 579 2822 latis
593 2771 723 2825 immania
736 2772 834 2840 reguis,

196 2854 314 2908 (lentum
328 2872 389 2908 aras
402 2856 501 2923 posuit,
517 2856 682 2926 vigilemque
697 2865 854 2912 sacraverat
865 2859 966 2928 ignem,

193 2942 332 2996 Excubiae
345 2942 438 2994 divom
451 2949 585 3007 aeternas,
598 2944 788 3014 pecudumque
801 2962 898 2999 cruore

194 3028 299 3097 Pingue
312 3030 399 3083 solum
414 3035 441 3083 et
456 3031 538 3084 variis
552 3030 679 3085 florentia
691 3032 788 3086 limina
801 3033 888 3086 sertis.

195 3115 275 3184 Isque
288 3133 382 3170 amens
395 3117 479 3171 animi
493 3124 521 3170 et
535 3135 646 3171 rumore
661 3135 790 3172 accensus
803 3137 896 3174 amaro

194 3202 303 3256 Dicitur
316 3210 380 3257 ante
393 3220 454 3257 aras
467 3203 558 3257 media
570 3205 644 3258 inter
656 3209 772 3260 numina
785 3207 877 3261 divom

194 3288 282 3343 Multa
295 3289 388 3344 lovem
403 3291 531 3345 manibus
545 3293 659 3360 supplex
674 3311 767 3347 orasse
781 3295 901 3364 supinis:

196 3379 213 3406 “
222 3376 348 3445 luppiter
361 3379 543 3446 omnipotens,
559 3381 603 3432 cui
616 3397 690 3434 nnnc
703 3381 844 3436 Maurusia
855 3383 937 3451 pictis

195 3463 270 3516 Gens
283 3464 393 3532 epulata
405 3465 474 3516 toris
486 3464 624 3518 Lenaeum
636 3467 705 3520 libat
718 3468 860 3538 honorem,

195 3551 304 3618 Aspicis
316 3549 402 3602 haec?
421 3566 456 3603 an
469 3554 505 3617 te,
520 3551 637 3620 genitor,
653 3571 713 3607 cum
729 3555 846 3609 fulmina
859 3563 978 3625 torques,
