2730 3936
508 205 647 255 VERGILI
667 205 832 256 aunuluos
853 205 887 254 Π.

190 369 251 423 Hoc
262 368 350 438 ipsum
365 372 395 421 ut
408 371 527 422 strueret
540 367 703 437 Troiamque
716 367 835 435 aperiret
848 366 971 434 Achivis,
1175 369 1210 420 60

190 456 345 525 obtulerat,
359 454 447 508 fideus
459 455 551 524 animi,
566 459 648 524 atque
660 455 690 506 iu
702 460 850 522 utrumque
863 458 984 522 paratus,

190 543 245 598 Seu
258 559 368 596 versare
381 541 466 610 dolos,
482 559 528 595 seu
542 546 633 596 certae
647 541 809 595 occumbere
822 541 915 594 morti.

90 683 99 697 ,
191 630 319 699 Undique
331 628 438 682 visendi
451 629 541 682 studio
554 629 671 682 Troiana
681 629 811 682 iuventus

192 717 364 772 Circumfusa
377 717 439 784 ruit,
455 721 616 785 certantque
629 715 753 769 inludere
766 721 856 784 capto.

191 805 295 872 Accipe
308 820 381 882 nune
394 803 520 856 Danaum
532 803 653 868 iusidias,
668 809 696 857 et
709 803 823 856 erimine
836 803 871 857 ab
884 819 939 856 uuo
1008 803 1010 806 ’
1040 791 1041 796 ¹

191 892 274 945 Disce
287 891 384 944 omnis.

190 976 320 1047 Namque
332 987 363 1031 ut
376 985 523 1047 conspectu
536 979 566 1031 in
578 976 670 1031 medio
683 977 818 1046 turbatus,
833 977 955 1042 inermis,

194 1065 327 1120 Constitit
339 1070 420 1135 atque
431 1065 517 1118 oculis
530 1064 653 1133 Phrygia
667 1065 777 1134 agmina
787 1065 998 1134 circumspexit:

195 1153 289 1221 “Heu,
304 1169 373 1221 quae
385 1168 460 1205 nunc
472 1152 554 1206 tellus
565 1152 581 1180 ’'
594 1153 693 1221 inquit,
711 1154 728 1181 “
738 1169 808 1222 quae
820 1169 865 1206 me
877 1169 998 1221 aequora
1009 1155 1126 1220 possunt

193 1241 347 1309 Acciperet
368 1245 416 1292 aut
429 1239 494 1307 qnid
503 1239 559 1292 iam
571 1239 672 1292 misero
684 1240 751 1293 milri
765 1240 884 1308 denique
896 1244 990 1306 restat,
1179 1237 1214 1292 ic

195 1313 246 1381 dui
258 1343 346 1395 neque
360 1326 433 1394 apud
446 1325 556 1379 Danaos
566 1343 683 1394 nsquam
695 1327 780 1396 loona,
795 1335 824 1380 et
837 1343 919 1395 super
931 1327 982 1394 ipsi

193 1413 368 1468 Dardanidae
380 1413 481 1466 infensi
494 1430 597 1482 poenas
610 1431 673 1468 oum
686 1415 819 1483 sanguine
831 1414 967 1482 poscuntt
977 1413 992 1440 ”

196 1503 257 1568 Quo
269 1502 373 1570 gemitu
386 1501 511 1554 conversi
525 1501 616 1571 animi,
630 1519 801 1571 compressus
814 1506 842 1555 et
854 1500 945 1555 omnis

195 1589 326 1657 Impetus.
365 1587 517 1642 Hortamur
529 1589 589 1655 fari,
605 1606 659 1657 quo
672 1589 804 1657 sanguine
818 1596 917 1658 cretus,

196 1676 303 1742 Quidve
314 1677 396 1744 ferat,
410 1681 553 1743 memoret,
569 1693 638 1745 quae
651 1676 686 1731 sit
699 1676 799 1731 fiducia
812 1681 901 1745 capto.

197 1763 258 1833 [llle
270 1763 347 1831 haee,
361 1763 487 1832 deposita
497 1764 611 1818 tandem
623 1764 781 1831 formidine,
795 1765 869 1818 fatur
878 1765 897 1832 ε]

234 1855 250 1879 “
259 1850 366 1905 (iuncta
379 1851 503 1920 equidem
518 1851 576 1920 tibi,
593 1851 662 1921 Rex,
676 1852 760 1906 fuerit
774 1851 974 1920 quodcumque,
989 1851 1098 1904 fatebor

197 1938 273 1992 Vera
283 1937 298 1966 ”
311 1938 409 2008 iuquit,
425 1941 540 2008 “neque
552 1955 597 1992 me
609 1939 741 2009 Argolica
752 1939 787 1992 de
799 1945 882 2006 gente
894 1938 1019 2006 negabo,

197 2025 258 2080 Hoc
270 2026 407 2094 primum3
428 2043 487 2095 nec,
502 2027 525 2080 si
537 2027 668 2080 miserum
683 2026 807 2080 Fortuna
820 2025 951 2079 Sinonem

197 2113 299 2182 Finxit,
316 2115 417 2168 vanum
430 2115 511 2168 etiam
525 2114 741 2183 mendacemque
754 2113 883 2182 improba
894 2111 990 2180 finget.
1181 2114 1215 2164 80

197 2200 292 2254 Fando
305 2202 416 2271 aliquod
428 2203 451 2256 si
464 2202 536 2255 forte
549 2206 611 2255 tuas
624 2203 752 2271 pervenit
765 2201 800 2254 ad
813 2199 887 2254 auris

198 2286 310 2342 Belidae
323 2307 424 2344 nomen
437 2289 590 2344 Palamedis
604 2295 633 2342 et
644 2289 749 2342 incluta
761 2289 835 2342 fama

198 2374 300 2444 Gloria,
316 2393 398 2445 quem
409 2376 480 2430 falsa
492 2377 543 2430 sub
555 2375 836 2444 proditiouePelasgi

198 2468 339 2523 Insontem
352 2471 466 2524 infando
479 2471 592 2537 iudicio,
605 2470 669 2539 quia
682 2469 754 2524 bella
766 2469 885 2536 vetabat,
930 2463 934 2470 “

197 2556 339 2611 Demisere
351 2559 420 2627 neci,
435 2574 509 2612 nuuc
521 2575 627 2612 cassum
642 2557 745 2611 lumine
758 2556 868 2626 lugent:

124 2687 127 2695 .
198 2642 243 2696 Illi
255 2661 300 2697 me
313 2645 441 2698 comitem
456 2653 484 2698 et
496 2645 736 2713 consanguinitate
749 2644 935 2712 propinquum

199 2729 308 2799 Pauper
321 2732 349 2784 in
362 2748 439 2786 arma
450 2737 530 2800 pater
544 2732 638 2800 primis
651 2732 705 2786 huo
719 2731 794 2785 misit
806 2731 840 2786 ab
854 2730 941 2784 annis.

200 2815 273 2875 Dum
286 2819 378 2873 stabat
390 2836 476 2888 reguo
488 2819 635 2873 incolumis
648 2809 800 2888 regumque
814 2818 925 2886 vigebat

200 2904 337 2974 (lenciliis,
352 2912 380 2960 et
392 2923 442 2960 nos
455 2905 565 2975 aliquod
578 2922 733 2974 nomenque
747 2905 883 2975 decusque

200 2992 349 3047 Gessimus.
387 2993 496 3047 Invidia
508 2997 651 3062 postquam
665 2993 778 3061 pellacis
791 2993 901 3046 Ulixi-

200 3079 281 3134 Haud
293 3081 389 3150 ignota
400 3081 641 3150 loquor-superis
653 3082 787 3135 concessit
800 3082 834 3134 ab
847 3080 910 3148 oris,

200 3167 338 3222 Adflictas
347 3169 432 3222 vitam
444 3169 473 3220 in
486 3167 608 3221 tenebris
621 3168 751 3237 luctuque
764 3167 917 3235 trahebam,

201 3254 237 3308 Et
250 3271 342 3309 casum
355 3255 472 3309 insontis
484 3271 592 3308 mecum
604 3253 769 3322 indignabar
782 3254 872 3308 amici.

202 3341 261 3395 Nec
273 3343 347 3396 tacui
360 3342 481 3408 demens,
496 3347 525 3396 et
536 3359 589 3409 me,
604 3343 660 3395 fors
673 3343 694 3395 si
709 3359 763 3410 qua
775 3341 891 3406 tulisset,

203 3427 231 3480 Si
244 3429 349 3496 patrios
361 3446 490 3497 umquam
504 3446 667 3482 remeassem
682 3430 771 3482 victor·
784 3429 818 3482 ad
831 3427 931 3497 Argos,

204 3513 321 3566 Promisi
334 3514 459 3582 ultorem,
475 3520 503 3566 et
515 3515 606 3568 verbis
619 3515 683 3568 odia
697 3531 793 3582 aspera
805 3515 888 3567 movi.
