2734 3936
504 205 641 254 VERGILI
664 203 853 252 GEORGICON
877 204 909 252 ΙΙ.

198 367 344 434 Cogendae
356 368 385 420 in
399 368 512 434 sulcum,
527 384 559 420 ae
571 367 659 420 multa
669 365 795 419 mercede
809 364 973 418 domandae.

198 455 250 508 Sed
265 455 370 507 truncis
383 455 459 508 oleae
475 454 579 522 melius,
595 455 746 523 propagine
759 453 830 505 vites

198 542 386 609 Respondent,
402 542 491 594 solido
504 541 626 610 Paphiae
638 543 673 594 de
687 541 786 594 robore
799 544 925 606 myrtus3

199 629 303 682 l'lantis
316 633 344 681 et
357 629 441 681 durae
454 629 541 695 coryli
555 633 713 695 naseuntur,
729 633 757 680 et
769 628 866 696 ingens

198 716 339 781 Fraxinus,
355 715 561 784 Herculeaeque
574 716 656 769 arbos
669 715 799 768 umbrosa
812 729 939 779 coronae,

199 802 371 872 Chaoniique
384 803 470 870 patris
482 802 612 871 glandes3
633 802 717 855 etiam
730 801 816 854 ardua
828 801 922 869 palma

199 888 335 950 Nascitur,
351 895 378 942 et
390 906 470 943 casus
483 890 559 943 abies
574 891 665 942 visura
678 888 807 942 marinos.

234 976 367 1030 Inseritur
381 993 446 1030 vero
460 982 488 1030 et
499 977 577 1030 nucis
590 977 704 1030 arbutus
715 975 829 1028 horrida
841 975 910 1041 fetu,

198 1064 235 1117 Et
247 1065 353 1118 steriles
365 1065 471 1133 platani
484 1064 571 1117 malos
584 1079 690 1132 gessere
704 1062 837 1128 valentis3

200 1151 349 1205 Castaneas
362 1151 447 1219 sagus,
463 1167 601 1220 ornusque
614 1150 738 1204 incanuit
751 1149 814 1202 albo

199 1238 279 1291 Flore
291 1239 353 1306 piri,
368 1237 549 1306 glandemque
562 1254 624 1292 sues
636 1237 742 1306 fregere
756 1236 805 1289 sub
818 1235 907 1288 ulmis.

199 1325 258 1378 Meo
271 1326 369 1378 modus
381 1327 503 1378 inserere
516 1330 598 1394 atque
610 1324 704 1378 oculos
716 1324 857 1390 imponere
871 1322 995 1390 simplex.

200 1412 279 1480 Nam,
295 1429 348 1480 qua
360 1429 389 1464 se
402 1413 494 1466 medio
506 1412 623 1465 trudunt
635 1412 669 1466 de
681 1411 785 1465 cortice
798 1425 922 1478 gemmae

199 1499 236 1552 Et
248 1501 339 1552 tenuis
351 1505 484 1568 rumpunt
496 1500 611 1566 tunicas,
626 1504 758 1567 angustus
770 1497 799 1550 in
814 1497 875 1564 ipso

199 1587 245 1639 Fit
256 1587 331 1640 nodo
344 1587 436 1640 sinus:
458 1588 511 1641 hue
525 1587 614 1641 aliena
627 1603 661 1640 ex
674 1587 772 1640 arbore
787 1600 899 1653 germen

199 1674 354 1742 Includunt‚
369 1675 478 1743 udoque
490 1676 591 1730 docent
602 1675 753 1728 inolescere
778 1673 857 1725 libro.

199 1762 259 1814 Aut
272 1779 379 1815 rursum
393 1762 495 1816 enodes
508 1763 598 1816 trunci
612 1767 778 1828 resecantur,
796 1767 824 1812 et
836 1759 890 1812 alte

202 1849 327 1901 Finditur
338 1851 364 1901 in
379 1850 496 1902 solidum
511 1850 605 1903 cuneis
618 1850 668 1914 via,
683 1849 783 1904 deinde
798 1851 902 1904 feraces

200 1937 314 1990 Plantae
326 1938 528 1990 immittuntur:
551 1954 601 1991 nee
614 1937 726 2006 longum
738 1943 856 2007 tempus
871 1944 899 1991 et
918 1938 1015 2006 ingens

199 2023 276 2076 Exiit
288 2025 322 2077 ad
336 2025 442 2078 caelum
454 2025 538 2078 ramis
550 2025 675 2078 felicibus
688 2025 777 2091 arbos,

200 2111 369 2179 Miraturque
381 2127 468 2165 novas
480 2111 591 2164 frondes
604 2117 633 2164 et
645 2128 701 2165 non
713 2129 762 2166 sua
774 2129 865 2182 poma.

235 2197 382 2252 Praeterea
391 2215 477 2266 genus
487 2199 560 2252 haud
570 2217 664 2268 unum,
672 2215 722 2253 nec
735 2200 856 2253 fortibus
868 2199 957 2266 ulmis,

201 2284 259 2338 Nec
271 2285 347 2339 salici
360 2285 480 2354 lotoque,
496 2302 585 2354 neque
598 2286 688 2340 Idaeis
701 2286 847 2355 cyparissis
858 2305 864 2351 3
920 2301 922 2308 ’

201 2371 260 2426 Neo
273 2373 388 2441 pingues
400 2389 482 2425 unam
496 2373 523 2425 in
537 2374 637 2426 faeiem
650 2380 802 2427 nascuntur
815 2375 911 2440 olivae,

202 2457 349 2524 Orchades,
364 2462 392 2510 et
405 2457 488 2528 radii,
497 2463 526 2510 et
539 2474 632 2512 amara
644 2459 740 2527 pausia
755 2459 830 2524 baca,

202 2546 339 2613 Pomaque
353 2550 380 2597 et
392 2544 501 2597 Alcinoi
515 2545 616 2610 silvae;
637 2562 687 2600 nec
701 2546 826 2599 surculus
837 2545 910 2598 idem

202 2631 366 2684 Crustumiis
379 2631 519 2699 Syriisque
531 2632 599 2700 piris
615 2633 797 2701 gravibusque
811 2632 952 2687 volaemis.

201 2719 266 2772 Non
279 2719 372 2772 eadem
387 2719 531 2772 arboribus
543 2720 645 2788 pendet
659 2719 799 2774 vindemia
810 2720 921 2782 nostris,

202 2807 291 2871 Quam
303 2805 499 2873 Methymnaeo
512 2807 600 2875 carpit
612 2806 646 2860 de
659 2807 773 2874 palmite
786 2807 905 2873 Lesbos3

202 2894 273 2947 Sunt
285 2893 400 2946 Thasiae
414 2893 491 2961 vites,
506 2899 610 2947 suntet
624 2893 792 2948 Mareotides
804 2895 917 2948 albae—

202 2981 352 3048 Pinguibus
364 2981 416 3035 hae
428 2982 510 3033 terris
523 2980 636 3048 habiles,
651 2981 802 3035 levioribus
813 2982 914 3036 illae-

202 3068 237 3121 Et
249 3085 329 3135 passo
343 3068 444 3136 psithia
456 3068 558 3133 utilior,
572 3068 718 3137 tenuisque
730 3068 841 3137 Lageos,

202 3155 380 3223 Temptatura
393 3155 476 3224 pedes
490 3154 556 3208 olim
568 3155 748 3225 vincturaque
762 3156 900 3224 linguam3

202 3243 368 3310 Purpureae,
383 3243 561 3310 preciaequ03
582 3249 611 3294 et
624 3259 677 3311 quo
691 3248 718 3297 te
732 3244 852 3297 carmine
865 3242 965 3310 dicam,

202 3329 337 3382 Raetica?
356 3345 408 3381 nec
421 3329 497 3381 cellis
509 3329 572 3381 ideo
585 3329 721 3382 contende
734 3329 865 3383 Falernis.

202 3415 273 3467 Sunt
286 3420 313 3468 et
326 3414 478 3467 Aminaeae
491 3415 567 3479 vites,
582 3413 737 3469 firmissima
750 3417 821 3482 vina,

203 3501 325 3554 Tmolius
336 3501 459 3568 adsurgit
472 3500 571 3569 quibus
584 3506 612 3553 et
624 3518 673 3555 rex
686 3503 744 3570 ipse
756 3502 917 3568 Phanaeus3
