2706 3938
527 209 662 259 VERGILI
685 209 850 258 Aunnlnos
872 209 916 258 IV.

213 372 267 426 Sed
280 373 341 443 quis
354 376 407 426 erit
418 372 526 441 modus,
540 377 589 426 aut
603 387 657 440 quo
671 387 744 424 nunc
757 373 908 424 certamine
921 371 1017 423 tanto?

213 458 287 523 Quin
299 460 391 527 potius
403 475 500 527 pacem
513 463 655 512 aeternam
668 462 818 526 pactosque
831 457 1000 524 hymenaeos

211 545 396 599 Exercemusl
416 546 508 614 habes,
522 551 583 598 tota
595 545 668 614 quod
681 549 774 598 mente
785 543 895 613 petisti:

212 633 302 686 Ardet
314 649 408 686 amans
421 632 494 686 Dido
506 633 646 700 traxitque
659 648 708 700 per
721 647 784 685 ossa
796 631 925 684 furorem.

213 720 392 773 Communem
406 719 481 773 hunc
494 736 558 787 ergo
571 718 704 788 populum
717 719 882 787 paribusque
894 734 1022 785 regamus

213 808 366 876 Auspiciis3
388 807 469 860 liccat
482 806 606 874 Phrygio
620 805 723 859 servire
735 805 843 871 meritc,

212 895 373 964 Dotalisque
385 900 449 949 tuae
462 895 561 962 Tyrios
573 895 731 962 permittere
743 892 885 946 dextrae.’'

248 982 424 1036 Olli—sensit
439 983 510 1036 euim
525 982 653 1035 simulata
666 986 759 1034 mente
771 980 900 1049 locutam,

213 1069 274 1135 Quo
287 1087 400 1138 regnum
414 1069 510 1123 Italiae
523 1069 641 1135 Libycas
655 1073 792 1122 averteret
805 1084 902 1121 oras—

212 1156 257 1211 Sio
270 1162 367 1211 contra
380 1163 420 1210 est
433 1158 555 1224 ingressa
568 1156 680 1210 Venus:
704 1157 720 1184 “
731 1155 798 1220 Quis
810 1155 877 1209 talia
888 1155 1003 1210 demens

211 1244 333 1312 Abnuat‚
349 1248 396 1298 aut
408 1253 499 1296 tecum
514 1243 591 1296 malit
604 1241 773 1296 contendere
785 1242 874 1295 belloi

212 1331 240 1384 Si
253 1331 345 1398 modo,
360 1330 434 1398 quod
447 1345 591 1397 memoras,
606 1330 709 1382 facturn
724 1329 835 1382 fortuna
847 1336 990 1397 aequatum
1073 1341 1075 1346 ·

212 1419 266 1472 Sed
278 1419 344 1472 fatis
356 1417 463 1470 incerta
475 1417 555 1483 feror,
572 1417 595 1468 si
608 1414 733 1484 Iuppiter
746 1432 829 1468 unam

211 1507 279 1559 Esse
292 1505 358 1558 velit
372 1504 461 1570 Tyriis
474 1504 570 1556 urbem
583 1503 718 1571 Troiaque
730 1503 870 1571 profectis,

212 1593 356 1647 Miscerive
369 1592 468 1660 probet
480 1591 604 1660 populos
620 1596 667 1644 aut
680 1591 792 1644 foedera
804 1591 890 1658 iungi.

212 1681 253 1732 Tu
265 1680 400 1746 coniunx3
422 1678 473 1731 tibi
485 1679 527 1732 fas
539 1679 661 1731 animum
674 1683 811 1746 temptare
823 1678 971 1746 precando.

211 1767 317 1836 Perge;
338 1766 463 1834 sequa1·.”
502 1766 571 1818 Tum
585 1766 623 1820 sic
637 1767 745 1834 excepit
757 1766 834 1834 regia
845 1765 930 1819 Iuno:

213 1854 348 1908 “Mecum
362 1853 414 1906 erit
426 1853 478 1906 istc
491 1853 577 1907 labor.
616 1851 644 1904 N
645 1870 699 1906 unc
712 1870 766 1922 qua
777 1853 894 1921 ratione,
909 1853 981 1921 quod
994 1853 1088 1923 instat,

212 1941 332 1996 Oonfieri
346 1943 444 2013 possit,v
457 1941 558 2010 paucis,
570 1941 690 2009 adverte,
705 1941 818 1994 docebo.

212 2033 353 2089 Venatum
367 2034 478 2088 Aeneas
489 2051 598 2103 unaque
611 2034 764 2089 miserrima
776 2035 850 2089 Dido

212 2120 244 2176 In
258 2140 355 2176 nemus
367 2123 409 2175 ire
421 2128 527 2190 parant,
537 2122 587 2176 ubi
599 2124 703 2192 primos
717 2125 851 2177 crastinus
864 2129 942 2177 ortus

210 2209 350 2263 Extulerit
363 2209 443 2263 Titan
455 2209 593 2279 radiisque
605 2211 738 2264 retexerit
750 2211 853 2265 orbem.

211 2297 262 2350 His
274 2315 325 2366 ego
338 2298 493 2364 nigrantem
507 2297 656 2352 commixta
668 2298 801 2366 grandine
813 2299 947 2366 nimbum,

211 2383 284 2438 Dum
297 2384 438 2453 trepidant
450 2385 516 2451 alae,
533 2384 672 2453 saltusque
683 2384 813 2452 indagine
826 2385 946 2453 cingunt,

211 2470 336 2540 Desuper
349 2471 499 2539 infundam,
514 2478 541 2525 et
554 2472 660 2524 tonitru
673 2473 779 2525 caelum
792 2489 873 2526 omne
885 2471 973 2526 ciebo.

211 2557 365 2625 Diffugient
378 2559 493 2612 comites
506 2565 534 2612 et
546 2565 628 2612 nocte
640 2565 769 2627 tegentur
782 2575 882 2628 opaca3

212 2643 375 2711 Speluncam
389 2643 462 2696 Dido
476 2642 532 2696 dux
545 2651 573 2696 et
586 2644 720 2698 Troianus
733 2645 848 2698 eandem

211 2730 375 2784 Devenient.
414 2730 516 2794 Adero,
532 2737 568 2799 et,
583 2737 632 2784 tua
645 2733 668 2784 si
681 2732 749 2784 mihi
763 2736 839 2785 certa
852 2731 986 2799 voluutas,

212 2817 338 2871 Oouubio
350 2818 461 2885 iungam
475 2818 564 2870 stabili
579 2817 773 2888 propriamque
786 2819 893 2872 dicabo.

211 2904 264 2958 Hic
275 2906 444 2972 hymenaeus
457 2905 538 2958 erit.”
576 2905 604 2958 N
605 2923 642 2959 on
655 2907 801 2960 adversata
812 2907 919 2974 petenti

214 2993 326 3058 Adnuit,
341 2998 423 3062 atque
436 2992 506 3045 dolis
519 2992 579 3045 risit
593 2992 731 3060 Cytherea
744 2994 866 3062 repertis.

246 3080 385 3134 Oceanum
399 3080 505 3132 interea
519 3097 632 3147 surgens
646 3081 756 3134 Aurora
769 3081 888 3150 reliquit.

211 3167 237 3220 lt
249 3168 337 3236 portis
349 3168 446 3220 iubare
459 3172 557 3220 exorto
570 3167 676 3220 delecta
689 3168 835 3235 iuventus3

210 3253 292 3307 Retia
303 3271 373 3322 rara,
389 3255 493 3324 plagae,
508 3253 565 3307 lato
579 3254 714 3308 venabula
725 3255 809 3320 ferro,

210 3339 375 3410 Massylique
388 3346 472 3394 ruunt
485 3341 590 3408 equites
603 3345 631 3394 et
644 3341 729 3395 odora
742 3359 841 3396 canum
854 3341 903 3395 vis.

210 3427 342 3495 Reginam
356 3427 478 3481 thalamo
492 3432 667 3481 cunctantem
682 3429 716 3481 ad
729 3429 823 3482 limina
836 3428 918 3496 primi

209 3514 366 3567 Poenorum
380 3517 551 3582 exspectant,
567 3520 697 3582 ostroque
709 3514 826 3582 insignis
839 3520 867 3568 et
880 3531 948 3570 auro
