2706 3938
432 237 569 287 vanam
592 238 755 288 AllNllIDOS
779 239 821 288 Vl.

120 401 254 469 Prospexi
267 399 377 454 Italiam
391 417 498 453 summa
512 398 637 452 sublimis
649 399 684 453 ab
696 399 779 454 unda.

119 487 258 541 Paulatim
272 486 408 541 adnabam
421 493 526 553 terrae;
546 487 602 540 iarn
615 491 676 540 tuta
688 488 826 556 tenebam,

118 574 155 628 Ni
168 591 238 642 gens
251 573 369 627 crudelis
380 573 491 627 madida
504 590 566 626 cum
579 579 655 626 veste
667 583 810 641 gravatum

117 661 357 730 Pransantemqne
369 661 446 714 uncis
457 661 584 714 manibus
596 661 687 729 capita
699 677 794 729 aspera
805 663 909 716 montis
961 663 965 668 '

118 748 205 801 Ferro
218 749 371 816 invasisset,
386 748 570 816 praedamque
582 749 678 816 ignara
689 753 821 816 putasset.

117 835 202 888 Nunc
214 851 260 888 me
273 835 373 888 fluctus
385 835 476 903 habet,
491 842 656 904 versantque
669 836 696 888 in
710 834 792 890 litore
806 837 890 890 venti.

118 922 201 987 Quod
215 927 243 975 te
257 939 307 990 per
319 922 386 976 caeli
399 922 546 975 iucundum
560 921 653 976 lumen
666 927 694 975 et
707 939 793 991 auras,

117 1009 173 1063 Per
186 1010 342 1078 genitorem
356 1026 412 1077 oro,
426 1027 476 1078 per
489 1027 550 1079 spes
562 1010 701 1078 surgentis
713 1010 771 1078 Iuli,

117 1097 204 1165 Eripe
217 1113 262 1150 me
274 1096 325 1165 his,
339 1096 450 1164 invicte,
465 1096 558 1151 malis:
580 1102 627 1150 aut
639 1103 670 1150 tu
683 1097 750 1150 mihi
762 1105 867 1152 terram

117 1183 204 1250 Inice,
218 1199 337 1252 namque
349 1190 436 1252 potes,
451 1189 602 1252 portusque
614 1183 724 1252 require
737 1183 861 1252 Velinus,

21 1317 24 1322 .
118 1271 179 1324 Aut
192 1274 232 1337 tu,
247 1271 269 1324 si
283 1287 336 1339 qna
348 1270 394 1326 via
406 1275 455 1338 est,
470 1270 493 1322 si
506 1287 587 1339 quam
599 1270 650 1324 tibi
664 1271 729 1325 diva
741 1273 860 1324 creatrix

119 1358 376 1427 Ostendit—neque
391 1358 472 1426 enim,
488 1357 579 1426 credo,
593 1358 652 1412 sine
665 1359 777 1412 numine
790 1359 882 1413 divom

117 1446 248 1499 Flumina
259 1450 338 1498 tanta
350 1461 430 1513 paras
443 1445 621 1514 Stygiamque
634 1446 731 1498 inuare
743 1445 908 1514 paludem-

117 1534 163 1588 Da
175 1533 302 1586 dextram
314 1533 423 1599 misere,
437 1539 465 1586 at
477 1537 569 1585 tecum
581 1549 625 1586 me
637 1532 704 1586 tolle
716 1550 765 1600 per
779 1533 871 1602 undas,

117 1621 237 1674 Sedibus
250 1627 281 1672 ut
294 1619 391 1673 saltem
405 1617 521 1686 placidis
533 1619 562 1671 in
575 1625 664 1672 morte
677 1620 844 1688 quiescam.’'

117 1709 196 1762 Talia
208 1708 282 1760 latus
294 1712 361 1774 erat,
376 1706 467 1774 coepit
479 1723 540 1758 cum
553 1706 620 1760 talia
632 1713 724 1760 vates:

119 1798 136 1824 “
146 1794 229 1848 Unde
243 1793 318 1861 haec,
334 1793 501 1861 oPalinnre,
515 1793 565 1847 tibi
579 1802 636 1847 tam
652 1794 711 1847 dira
725 1793 843 1862 cupido?

116 1883 157 1938 Tu
170 1885 283 1954 Stygias
295 1885 454 1940 inhumatus
466 1902 550 1955 aquas
562 1902 724 1955 amnemque
737 1901 862 1938 severum

116 1969 303 2024 Eumenidum
318 1972 440 2039 aspicies,
455 1971 581 2040 ripamve
593 1972 712 2024 iniussus
725 1970 832 2024 adibisl

116 2056 220 2110 Desine
233 2058 293 2111 fata
305 2057 384 2111 deum
398 2058 473 2112 flecti
486 2075 595 2126 sperare
607 2057 755 2127 precando.

116 2145 173 2198 Sed
187 2161 255 2213 cape
267 2145 342 2200 dicta
353 2162 466 2211 memor,
481 2147 542 2198 duri
555 2145 656 2200 solacia
668 2161 754 2199 casua

116 2230 191 2286 Nam
203 2237 253 2286 tua
265 2232 384 2292 finitimi,
398 2233 479 2301 louge
492 2232 599 2302 lateque
611 2249 662 2301 per
675 2233 757 2286 urbes

116 2318 256 2387 Prodigiis
269 2320 323 2374 acti
336 2320 506 2387 caelestibus,
521 2337 583 2374 ossa
595 2321 718 2388 piabunt,

116 2405 153 2459 Et
167 2411 292 2460 statuent
305 2406 449 2474 tumulum,
464 2412 492 2461 et
504 2407 611 2460 tumulo
627 2407 771 2462 sollemnia
782 2407 904 2476 mittent,

116 2493 328 2562 Aeternumque
340 2493 417 2546 locus
430 2493 554 2547 Palinuri
568 2510 670 2547 nomen
682 2493 824 2548 habebit.”

116 2581 168 2633 His
181 2581 263 2634 dietis
276 2597 357 2634 curae
371 2585 486 2646 emotae,
501 2581 649 2649 pulsusque
662 2598 811 2650 parumper

117 2667 208 2721 Corde
221 2667 304 2721 dolor
317 2667 404 2721 tristi:
427 2668 528 2734 gaudet
540 2668 705 2736 cognomine
717 2674 800 2722 tarra.

151 2754 226 2822 Ergo
239 2754 294 2807 iter
306 2754 446 2823 inceptum
459 2761 596 2823 peragunt
610 2755 747 2824 fluvioque
761 2756 955 2823 propinquant.

117 2840 222 2894 Navita
234 2857 303 2909 qnos
315 2841 370 2894 iam
382 2841 448 2895 inde
460 2847 491 2894 ut
504 2840 600 2910 Stygia
611 2843 754 2910 prospexit
766 2844 801 2897 ab
814 2843 888 2897 unda

116 2929 170 2982 Per
182 2929 298 2983 tacitum
313 2946 410 2982 namus
422 2930 463 2982 ire
474 2929 627 2998 pedemque
640 2930 783 2984 advertere
796 2931 880 2999 ripae,

116 3017 159 3070 Sic
173 3019 251 3085 prior
263 3017 423 3084 aggreditur
435 3016 524 3084 dictis,
539 3022 620 3086 atque
633 3017 758 3086 increpat
770 3018 859 3071 ultro:

118 3104 277 3173 “Quisquis
290 3121 326 3169 es,
341 3109 463 3157 armatus
476 3104 522 3172 qni
535 3109 630 3158 nostra
642 3104 677 3158 ad
689 3103 804 3158 flumina
815 3104 914 3170 tendis,

117 3189 185 3244 Fare
198 3208 256 3259 age,
272 3190 337 3259 quid
351 3191 452 3257 venias,
467 3191 520 3244 iam
532 3191 623 3260 istinc,
638 3196 666 3244 et
679 3192 830 3260 comprime
843 3207 974 3259 gressum.

116 3277 283 3332 Umbrarum
297 3278 343 3331 hio
355 3277 432 3330 locus
444 3282 493 3343 est,
508 3277 605 3330 Somni
618 3276 770 3346 Noctisque
781 3294 914 3346 soporae3

116 3365 236 3434 Corpora
248 3365 315 3419 viva
326 3365 405 3418 nefus
418 3363 514 3431 Stygia
526 3369 637 3417 vectare
650 3363 751 3419 carim.

115 3451 172 3508 Nec
185 3470 252 3508 vero
265 3451 384 3506 Alciden
398 3467 444 3504 me
457 3468 515 3504 sum
529 3451 648 3504 laetatus
661 3456 773 3505 euntem

116 3541 259 3610 Accepisse
271 3539 342 3607 lacu,
358 3555 412 3591 nec
425 3537 530 3590 Thesea
546 3537 763 3607 Pirithoumque,
789 3547 793 3554 ’
