2656 3940
399 253 538 303 vnucltl
561 254 726 305 Auualnos
748 254 818 306 VIII.

103 411 194 467 lunoni
206 414 315 468 territe
328 431 431 483 preces,
445 416 569 484 iramque
582 415 725 486 minasque

102 499 269 570 Supplioibus
281 518 381 571 supera
393 503 474 556 votis.
511 502 581 557 Mihi
594 503 684 557 vietor
697 504 833 558 honorem

101 585 246 643 Persolves.
283 589 343 657 Ego
357 607 426 658 sum,
440 589 523 658 pleno
537 607 616 658 quem
631 589 744 644 flumine
757 591 847 647 cernis

101 673 280 744 stringentem
292 677 368 745 ripas
380 682 408 731 et
421 676 533 746 pinguia
546 677 621 732 culta
633 683 781 747 secantem,

100 760 242 816 Caeruleus
251 762 377 833 Thybris,
393 763 469 818 caelo
482 763 654 832 gratissimus
667 766 764 819 amnis.

100 848 147 902 llio
158 850 225 902 mihi
239 867 339 920 magna
352 851 457 918 domus,
472 852 551 905 celsis
563 859 645 920 caput
658 853 781 922 urbibus,
798 855 883 908 exit.’'

130 937 213 1004 Dixit,
228 939 328 992 deinde
341 939 402 993 lacu
414 939 527 992 Flavius
540 955 568 993 se
581 940 705 993 condidit
718 941 782 1009 alto,

99 1023 152 1078 lma
163 1028 278 1093 petens;
298 1043 355 1079 nox
367 1028 484 1080 Aenean
497 1043 662 1095 somnusque
675 1028 794 1097 reliquit.

98 1110 192 1181 Surgit,
207 1119 243 1182 et,
260 1114 376 1168 aetherii
388 1118 514 1182 spectans
527 1115 643 1169 orlentia
656 1116 727 1170 Solis

98 1198 214 1270 Lumina,
229 1201 284 1255 rite
296 1202 371 1255 cavis
385 1201 487 1254 undam
501 1201 536 1254 de
548 1201 661 1256 flumine
678 1204 776 1272 palmis

98 1286 221 1357 Sustinet,
237 1305 271 1342 ac
283 1289 346 1342 talis
360 1287 477 1342 effundit
490 1287 524 1341 ad
538 1289 651 1344 aethera
662 1308 758 1345 voees:

100 1373 272 1444 “Nymphae,
286 1375 439 1428 Laurentes
452 1373 607 1445 Nymphae,
623 1395 708 1445 genus
721 1379 847 1432 amnibus
859 1380 932 1434 unde
946 1385 994 1450 est,

97 1461 191 1532 Tuque,
206 1480 223 1516 o
237 1461 343 1528 Thybri
357 1466 407 1515 tuo
419 1462 528 1528 genitor
541 1480 603 1516 cum
615 1463 729 1519 flumine
742 1472 846 1534 saneto,

98 1549 216 1618 Accipite
229 1550 355 1616 Aenean,
371 1554 399 1602 et
412 1549 522 1604 tandem
536 1557 626 1605 arcete
639 1553 757 1620 periclis.

98 1635 153 1701 Quo
165 1644 192 1692 te
204 1655 324 1708 cumque
336 1639 420 1709 lacus,
435 1642 612 1695 miserantem
625 1642 799 1695 incommoda
811 1646 913 1712 nostra,

96 1723 177 1779 Fonte
189 1732 277 1795 tenet,
293 1744 466 1796 quocumque
480 1729 539 1782 solo
552 1728 754 1797 pulcherrimus
766 1729 832 1797 exis,

97 1810 203 1882 Semper
216 1813 324 1867 honore
338 1831 407 1881 meo,
425 1832 532 1884 semper
545 1815 719 1869 celebrabere
732 1816 819 1883 donis,

97 1898 224 1970 Oomiger
237 1901 421 1970 Hesperidum
433 1902 533 1956 fluvius
546 1909 676 1972 regnator
688 1920 828 1972 aquarum.

97 1987 174 2041 Adsis
186 2006 202 2042 o
215 1995 327 2044 tantum
340 1997 369 2045 et
381 1993 495 2061 propius
507 1996 555 2045 tua
566 1991 680 2044 numina
692 1990 810 2045 firmes.”

97 2073 136 2129 Sic
147 2087 292 2148 memorat,
308 2081 484 2150 geminasque
496 2079 563 2147 legit
576 2078 609 2133 de
623 2079 708 2133 classe
719 2079 840 2147 biremis,

96 2161 270 2236 Remigioque
283 2174 375 2238 aptat,
400 2169 489 2222 socios
501 2167 582 2220 simol
593 2166 706 2219 instruIt
718 2167 808 2220 armis.

126 2249 194 2307 Ecce
208 2262 303 2310 autem
317 2257 437 2310 subitum
455 2260 536 2323 atque
550 2254 637 2308 oculis
649 2253 773 2307 mirabile
784 2260 947 2322 monstrum,

97 2335 214 2396 Candida
226 2360 278 2412 per
292 2343 388 2396 silvam
404 2361 465 2397 cum
480 2343 540 2396 fetu
552 2341 682 2394 concolor
695 2341 757 2395 albo

96 2421 241 2483 Procubuit
253 2431 392 2500 viridique
404 2432 433 2484 in
447 2431 528 2484 litore
541 2429 710 2497 conspicitur
722 2446 783 2483 sus:

96 2510 176 2575 Quam
188 2519 252 2586 pius
265 2518 377 2572 Aeneas
390 2518 440 2572 tibi
453 2519 534 2585 enim,
550 2518 608 2579 tibi,
623 2517 743 2571 maxima
755 2517 832 2584 Iuno,

95 2596 199 2671 hostat,
214 2621 296 2660 saera
306 2606 405 2674 ferens,
421 2611 521 2659 etcum
537 2621 619 2673 grege
633 2605 705 2658 sistit
717 2604 752 2658 ad
765 2621 849 2659 aram.

95 2685 205 2756 Thybris
217 2709 251 2746 ea
263 2692 388 2761 flauum,
403 2709 483 2762 quam
496 2693 579 2760 longa
592 2697 642 2759 est,
657 2696 739 2745 nocte
753 2697 904 2745 tumentem

95 2771 184 2846 Leniit,
200 2785 228 2833 et
241 2780 329 2834 tacita
341 2780 461 2834 refluens
474 2780 513 2834 ita
526 2780 649 2833 substitit
661 2779 743 2847 unda,

95 2858 163 2917 Mitis
175 2869 205 2919 ut
216 2867 247 2920 in
260 2883 367 2922 morem
381 2868 470 2936 stagni
483 2867 661 2936 placidaeque
673 2866 780 2935 paludis

95 2947 230 3006 Sterneret
243 2971 348 3022 aequor
360 2954 444 3022 aquis,
461 2971 536 3007 remo
551 2959 581 3007 ut
593 2954 732 3008 luctamen
747 2954 862 3009 abesset.

94 3032 160 3104 Ergo
172 3040 224 3094 iter
237 3041 380 3110 inceptum
394 3042 515 3096 celerent
527 3058 639 3094 rumore
652 3041 788 3105 secundo;

94 3121 202 3182 habitur
213 3136 300 3184 uncta
312 3130 391 3184 vadis
404 3130 486 3197 abies,
501 3130 635 3183 mirantur
648 3134 676 3182 et
693 3130 791 3197 undae,

95 3206 203 3268 Miratur
215 3234 315 3270 nemus
327 3218 465 3270 insuetum
478 3217 613 3286 fulgentia
625 3217 707 3284 longe

95 3297 171 3356 Scuta
182 3305 273 3357 virum
287 3305 373 3358 fluvio
387 3305 527 3373 pictasque
540 3305 636 3358 inuare
650 3305 763 3359 carinas.

95 3383 144 3440 Olli
156 3391 270 3460 remigio
283 3399 448 3461 noctemque
461 3393 588 3461 diemque
601 3392 725 3460 fatigant,

94 3469 127 3526 Et
138 3475 232 3546 longos
245 3485 377 3548 superant
389 3480 484 3548 flexus,
498 3480 634 3548 variisque
648 3485 778 3547 teguntur

95 3558 250 3632 Arboribus,
267 3566 416 3634 viridisque
429 3573 523 3620 secant
536 3567 644 3634 placido
657 3583 775 3634 aequore
789 3565 879 3619 silvas.
