2656 3940
519 226 659 276 VERGILI
681 224 846 274 Auuulnos
869 223 911 275 XI.

206 391 264 445 Des
276 396 362 459 peter,
377 395 406 443 et
418 406 513 458 pacem
526 389 598 442 hanc
611 396 724 442 aeterno
736 387 849 441 foedere
861 387 962 441 firmes.

208 477 288 543 Quod
302 478 324 532 si
336 481 432 531 tentus
442 478 527 531 habet
539 481 647 534 mentes
659 481 687 530 et
699 482 812 544 pectora
824 480 921 544 terror,

206 567 301 634 Ipsum
315 566 492 630 obtestemur,
507 565 671 632 veniamque
684 580 794 616 oremus
806 563 841 616 ab
853 563 931 630 ipso:

208 652 303 719 (ledat,
317 653 361 706 ius
372 652 514 721 proprium
529 651 586 719 regi
600 651 759 718 patriaeque
771 651 904 704 remittat.

208 739 279 805 Quid
293 740 408 793 miseros
420 739 525 792 totiens
536 739 565 790 in
579 747 676 806 operta
686 737 809 805 pericula
821 737 889 790 civis

207 828 321 895 Proiois,
336 845 353 881 o
366 827 446 881 Latio
459 830 542 894 caput
555 825 654 879 horum
669 833 697 878 et
710 841 793 878 eausa
803 824 959 879 malorum?

207 912 291 967 Nulla
303 914 376 968 salus
387 913 474 980 bello;
494 929 590 981 paoem
603 918 631 965 te
644 912 782 980 poscimus
795 927 897 980 omnes,

207 1001 306 1069 Turne,
321 1001 399 1054 simul
412 1001 488 1068 pacis
499 1001 586 1053 solum
599 999 759 1053 inviolabile
772 1000 879 1068 pignus.

207 1089 317 1142 Primus
329 1105 389 1158 ege,
402 1088 522 1140 invisum
536 1103 617 1156 quern
631 1093 662 1140 tu
674 1087 726 1140 tibi
738 1085 826 1154 fingis,
843 1091 871 1139 et
883 1103 942 1140 esse

208 1174 256 1228 Nil
268 1193 369 1242 moror,
385 1192 418 1228 en
432 1174 546 1242 supplex
560 1174 650 1228 venie.
687 1173 819 1226 Miserere
832 1178 951 1242 tuorum,

207 1263 286 1316 Pone
298 1263 412 1328 animos,
428 1267 456 1314 et
468 1261 562 1330 pulsus
574 1260 636 1315 abi:
656 1266 698 1314 sat
710 1261 811 1314 funera
822 1260 874 1314 fusi

208 1350 345 1417 Vidimus,
360 1350 479 1418 ingentis
492 1354 520 1402 et
532 1347 718 1401 desolavimus
731 1365 819 1415 agros,

208 1438 274 1506 Ant,
289 1438 312 1490 si
324 1438 396 1490 fama
408 1440 510 1503 movet,
525 1436 547 1488 si
560 1440 669 1489 tantum
682 1439 795 1504 pectore
807 1436 892 1488 robur

208 1523 346 1593 (loncipis,
360 1532 388 1577 et
400 1525 423 1576 si
436 1522 505 1576 adeo
517 1523 616 1576 dotalis
629 1522 704 1590 regie
714 1523 792 1576 cordi
805 1528 854 1590 est,

208 1610 297 1679 Ande,
312 1617 393 1680 atque
406 1611 552 1664 adversum
564 1608 652 1662 fidens
665 1610 706 1663 fer
717 1615 814 1678 pectus
826 1611 855 1662 in
868 1611 985 1665 hostem.

208 1697 327 1765 Scilicet,
343 1704 373 1752 ut
385 1699 477 1752 Turno
490 1701 633 1767 contingat
645 1699 721 1766 regia
732 1699 861 1766 coniunx,

208 1785 275 1853 Nos,
290 1785 397 1841 animae
411 1787 486 1853 viles,
500 1787 643 1840 inhumata
654 1785 804 1855 infletaque
817 1787 906 1853 turba,

208 1872 370 1928 Sterncmur
383 1875 494 1942 campis.
531 1875 623 1928 Etiam
637 1879 675 1941 tu,
691 1874 714 1926 si
726 1889 780 1942 qua
792 1873 845 1926 tibi
857 1873 907 1940 vis,

208 1960 237 2014 Si
250 1962 333 2030 patrii
347 1963 410 2030 quid
425 1961 521 2016 Martis
532 1962 625 2030 habes,
640 1961 717 2014 illum
732 1961 823 2029 aspice
836 1965 941 2028 contre,

209 2047 385 2113 Qui'vocat.”

243 2136 354 2190 Talibus
367 2136 469 2190 exarsit
481 2135 562 2190 dictis
575 2135 706 2190 violentia
719 2135 820 2204 Turni3

207 2223 264 2278 Dat
272 2224 413 2292 gemitum,
429 2225 586 2293 rumpitque
598 2223 649 2276 has
660 2224 718 2276 imo
730 2229 843 2291 pectore
855 2237 951 2276 voces:

209 2313 226 2340 “
234 2311 323 2380 Larga
334 2310 452 2380 quidem,
467 2310 584 2377 Drance,
600 2327 707 2378 semper
718 2311 771 2363 tibi
784 2310 864 2378 eopia
876 2308 951 2362 fundi

207 2398 285 2467 Tum,
300 2416 362 2452 cum
375 2397 447 2452 bella
460 2415 557 2451 manus
570 2387 705 2466 poscunt:
726 2398 906 2466 patribusque
920 2397 1026 2450 voeatis

207 2485 316 2538 Primus
329 2484 402 2539 edes.
443 2484 497 2538 Sed
509 2501 565 2538 non
577 2483 710 2554 replenda
719 2489 761 2537 est
773 2485 848 2538 curia
862 2483 959 2549 verbis,

208 2571 284 2637 Quae
297 2578 357 2626 tuto
371 2573 422 2625 tibi
435 2589 536 2640 magua
549 2572 650 2639 volant,
665 2571 732 2624 dnm
745 2570 858 2624 distinet
871 2571 977 2624 hostem

207 2659 301 2727 Agger
313 2676 463 2727 murorum,
478 2676 528 2712 neo
539 2659 678 2733 inundant
690 2659 823 2726 sauguine
835 2661 935 2712 fossae.

207 2747 328 2801 Proinde
340 2757 407 2801 tona
419 2748 675 2815 eloquio-solitum
688 2746 873 2815 tibi-meque
885 2745 993 2799 timoris

208 2834 302 2902 Argue
315 2839 354 2902 tu,
369 2833 485 2901 Drance,
501 2834 611 2902 quando
623 2839 667 2888 tot
679 2834 778 2900 stragis
791 2849 904 2887 acervos

207 2922 374 2975 Teucrorum
388 2927 434 2975 tua
448 2920 547 2975 dextra
559 2921 643 2988 dedit,
658 2921 814 2989 passimque
826 2919 948 2988 tropaeis

207 3008 326 3076 Insignis
339 3026 427 3078 agros.
464 3008 556 3062 Possit
570 3009 634 3077 quid
647 3009 741 3063 vivida
754 3008 850 3073 virtus,

206 3096 356 3165 Experiere
368 3097 450 3163 licet,
471 3113 522 3149 nec
535 3096 616 3164 longe
628 3095 732 3149 scilicet
743 3095 839 3148 hostes

208 3182 364 3247 Quaerendi
377 3183 471 3250 uobis3
493 3184 671 3236 circumstant
684 3181 805 3250 undique
818 3197 919 3235 muros.

207 3270 282 3324 lmus
294 3271 323 3322 in
336 3270 482 3324 adversos:
504 3271 569 3339 quid
583 3270 688 3323 cessasi
708 3287 742 3323 an
755 3269 805 3322 tibi
819 3269 930 3322 Mavors

208 3357 333 3411 Ventosa
345 3359 373 3409 in
386 3358 481 3424 lingua
492 3358 662 3427 pedibusque
675 3358 818 3425 fugacibus
830 3357 891 3410 istis

208 3443 322 3510 Semper
335 3443 403 3495 criti

207 3529 306 3580 Pulsus
319 3529 386 3594 egoi
406 3533 453 3581 aut
466 3531 608 3597 qnisquam
622 3530 727 3598 merito,
741 3530 907 3596 foedissime,
922 3528 1029 3597 pulsum
