2656 3940
523 213 659 263 VERGILI
681 213 848 262 AIINIIIDOS
868 213 913 264 K

210 375 349 446 Armaque
362 380 536 446 craterasque
548 375 629 429 simul
641 375 826 444 pulchrosque
838 381 954 446 tapetas.

208 463 345 530 Euryalus
356 464 485 534 phaleras
497 463 662 518 Rhamnetis
675 469 704 517 et
718 479 802 518 aurea
813 463 900 522 bullis

209 550 335 618 (lingula,
349 549 457 606 Tiburti
470 550 588 605 Remulo
600 550 751 603 ditissimus
763 550 828 604 olim

209 637 286 702 Quae
299 637 387 691 mittit
398 637 481 705 dona,
494 637 615 706 hospitio
628 653 691 691 eum
704 637 832 706 iungeret
842 638 949 704 absens,

208 725 357 791 Cae‹lieus;
377 723 423 777 ille
436 741 486 778 suo
501 725 625 777 moriens
639 724 687 778 dat
698 723 802 777 habere
813 724 925 792 nepoti;

208 812 276 864 Post
287 816 406 865 mortem
419 810 492 864 bello
504 811 600 864 Rutuli
614 827 761 880 pugnaque
773 810 872 880 potiti;

209 898 284 951 Haec
296 897 377 965 rapit,
393 905 476 966 atque
487 898 591 952 umeris
603 899 768 966 nequiquam
780 897 901 951 fortibus
912 903 998 967 aptat.

207 985 275 1038 Tum
288 983 395 1052 galeam
409 984 526 1053 Messapi
538 984 659 1038 habilem
672 985 815 1053 cristisque
828 985 957 1040 decoram

206 1071 309 1124 Induit.
347 1071 494 1125 Excedunt
507 1072 611 1140 castris,
625 1077 654 1126 et
666 1078 728 1126 tuta
740 1077 894 1140 capessunt.

242 1159 353 1213 Interea
366 1159 509 1228 praemissi
522 1160 628 1228 equites
640 1177 675 1214 ex
686 1160 755 1214 urbe
768 1159 873 1228 Latina,

207 1246 306 1300 Oetera
318 1246 383 1299 dum
397 1246 471 1315 legio
484 1247 589 1315 campis
599 1247 735 1301 instructa
746 1252 879 1316 moratur,

205 1335 287 1390 Ibant
299 1341 328 1389 et
340 1334 433 1390 Turno
445 1337 502 1404 regi
514 1353 645 1405 responsa
656 1337 793 1405 ferebant,

206 1422 392 1492 Tercentum,
407 1423 506 1476 scutati
519 1439 622 1492 omnes,
636 1423 787 1478 Volseente
799 1425 940 1493 magistro.
1174 1429 1225 1484 370

205 1509 320 1579 Iamque
333 1512 558 1581 propinquabant
571 1511 675 1580 eastris,
689 1528 823 1581 muroque
837 1513 973 1580 subibant,

206 1597 276 1650 Cum
290 1600 386 1666 proeul
400 1599 450 1653 hos
462 1599 541 1653 laevo
553 1599 691 1653 flectentis
701 1599 790 1653 limite
803 1607 927 1668 cernunt,

204 1686 242 1740 Et
254 1689 333 1756 galea
344 1688 496 1755 Euryalum
510 1687 643 1741 sublustri
655 1687 746 1740 noetis
757 1687 787 1740 in
800 1688 898 1740 umbra

205 1774 332 1829 Prodidit
344 1777 535 1831 immemorem
549 1777 686 1845 radiisque
699 1776 815 1830 adversa
826 1775 945 1828 refulsit.

204 1862 286 1917 Haud
302 1870 406 1920 temere
419 1873 461 1920 est
475 1867 572 1919 visum.
611 1864 773 1918 Conclamat
786 1863 820 1916 ab
833 1863 942 1930 agmine
954 1861 1107 1919 Volseens:
1172 1865 1221 1923 375

206 1952 222 1977 “
233 1950 318 2021 State,
334 1954 385 2006 viri
396 1973 403 2021 ;
425 1971 494 2023 quae
507 1969 590 2008 eausa
602 1951 681 2005 viaet
702 1950 783 2020 quive
796 1951 861 2004 estis
873 1950 902 2002 in
914 1949 1016 2004 armisl

204 2039 302 2107 Quove
314 2043 415 2097 tenetis
429 2042 483 2095 iter
491 2043 502 2095 l
511 2042 528 2068 ”
553 2040 631 2094 Nihil
643 2040 683 2093 illi
696 2039 810 2093 tendere
822 2046 927 2106 eontra,

202 2129 256 2183 Sed
269 2130 390 2185 celerare
401 2133 496 2200 fugam
508 2132 537 2184 in
550 2130 632 2183 silvas
645 2136 672 2182 et
684 2128 769 2181 fidere
781 2126 866 2180 noeti.

203 2218 335 2273 Obiciunt
349 2220 455 2288 equites
467 2236 526 2272 sese
539 2218 571 2272 ad
587 2216 707 2270 divortia
720 2220 786 2268 nota

201 2305 274 2360 Hine
287 2315 369 2376 atque
383 2307 456 2372 hinc,
473 2322 638 2375 omnemque
652 2305 756 2358 abitum
770 2303 885 2356 custode
898 2307 1040 2357 coronant.
1169 2309 1218 2358 380

202 2393 276 2447 Silva
288 2394 341 2447 fuit
354 2395 409 2447 late
423 2394 513 2447 dumis
526 2399 608 2463 atque
620 2392 683 2445 ilice
696 2391 773 2460 nigra

201 2479 329 2548 Horrida,
344 2498 426 2550 quam
440 2482 518 2536 densi
532 2481 704 2550 complerant
717 2478 837 2546 undique
849 2482 955 2544 sentes3

200 2566 274 2622 Rara
285 2586 336 2637 per
349 2571 472 2624 occultos
486 2571 596 2624 lueebat
609 2570 706 2623 semita
719 2568 809 2622 ealles,
903 2610 906 2616 .

198 2653 350 2722 Euryalum
362 2657 494 2711 tenebrae
506 2674 643 2712 ramorum
657 2671 826 2724 onerosaque
839 2653 942 2723 praeda

199 2741 364 2812 impediunt,
379 2745 507 2814 fallitque
520 2748 604 2800 timor
616 2748 729 2815 regione
741 2746 858 2800 viarum.

197 2827 282 2884 Nisus
295 2832 368 2896 abit;
388 2832 501 2901 iamque
514 2834 674 2902 imprudens
686 2839 810 2887 evaserat
822 2832 910 2886 hostis

199 2917 291 2985 Atque
304 2919 385 2986 looos,
401 2920 447 2988 qui
460 2925 524 2988 post
539 2921 627 2974 Albae
640 2920 675 2973 de
687 2920 799 2973 nornine
811 2919 878 2972 dieti

198 3003 395 3060 Albani-tum
410 3023 458 3059 rer
472 3008 580 3062 stabula
592 3007 649 3061 alta
661 3006 776 3060 Latinus
787 3007 941 3062 habebat-

198 3089 235 3143 Ut
247 3093 333 3160 stetit,
348 3099 375 3146 et
388 3093 489 3147 frustra
502 3094 643 3148 absentem
656 3092 779 3161 respexit
791 3093 917 3147 amioum.

199 3177 342 3245 '‘Euryale
355 3181 462 3243 Infelirr,
480 3198 532 3249 qua
545 3187 573 3234 te
586 3182 697 3249 regione
709 3181 825 3249 reliquii

196 3263 292 3329 erave
305 3283 411 3335 sequar,
426 3285 520 3322 rursus
532 3269 694 3337 perplexum
707 3268 760 3322 iter
774 3285 855 3322 omne
868 3266 1013 3321 revolvens

195 3350 310 3405 Fallaois
323 3354 426 3407 silvae?
438 3355 453 3382 ’¹
492 3355 577 3408 Simul
590 3362 618 3409 et
631 3356 747 3422 vestigia
758 3361 834 3408 retro

195 3437 349 3492 Observata
361 3439 436 3506 legit,
452 3440 596 3508 dumisque
610 3441 753 3494 silentibus
766 3446 848 3496 errat.

197 3525 282 3578 Audit
295 3542 387 3594 equos,
402 3525 477 3579 audit
490 3528 620 3595 strepitus
632 3535 660 3582 et
672 3529 750 3597 algua
762 3534 933 3598 sequentum.
