2656 3940
408 205 569 270 'vascua
592 217 756 268 assumes
779 217 822 266 rx.

112 381 201 435 Addit
215 381 320 448 Hrdym
334 381 464 434 comitem
478 386 507 434 et
519 380 627 435 confixa
639 380 751 448 Phegea
764 395 875 448 parma;

109 469 230 535 Ignaros
243 468 343 522 deinde
356 468 386 521 in
400 468 485 520 muris
497 466 670 536 Martemque
684 465 784 520 olentis
906 450 910 460 ’

109 556 341 623 Alcandrumque
354 553 520 623 Haliumque
534 553 734 622 Noemonaque
748 552 956 623 Prytanimque.

110 643 224 708 Lyncea
235 642 397 696 tendentem
411 649 508 698 eontra
521 642 665 710 sociosque
679 647 826 694 vocantem

109 729 248 783 Vibranti
261 729 351 797 gladio
364 729 479 783 conixus
492 730 526 783 ab
539 744 638 797 aggere
650 727 749 782 dexter

110 817 255 886 Occupat,
275 817 341 870 huic
354 833 409 870 uno
421 817 557 870 deiectum
571 815 725 870 comminus
737 815 793 868 ietu

110 905 185 958 (lum
198 905 276 972 galea
289 904 370 972 longe
383 904 466 958 iacuit
481 908 573 971 caput.
611 902 680 956 lude
692 902 813 956 ferarum

109 991 294 1045 Vastatorem
307 991 454 1059 Amycum,
469 1007 523 1060 quo
536 1005 592 1044 non
605 989 714 1044 felicior
727 989 797 1044 alter

108 1079 225 1146 Ungere
238 1079 294 1133 tela
306 1096 390 1133 mann
403 1080 559 1148 ferrumque
573 1093 680 1132 minare
694 1093 816 1144 veneno,

108 1166 148 1219 Et
161 1166 285 1233 Clytium
301 1167 444 1232 Aeoliden,
459 1172 487 1220 et
501 1166 619 1220 amicum
635 1164 755 1218 Crethea
763 1164 860 1232 Musis,

110 1253 235 1307 Crethea
248 1253 388 1307 Musarum
401 1254 539 1321 comitem,
553 1253 597 1306 oui
610 1251 732 1306 earmina
745 1267 853 1320 semper

108 1341 147 1394 Et
160 1341 286 1395 citharae
299 1341 383 1410 cordi,
398 1359 581 1410 numerosque
596 1341 740 1394 intendere
752 1341 859 1405 nervis3

110 1428 229 1496 Semper
242 1445 326 1497 equos
339 1434 421 1497 atque
433 1446 510 1482 arma
522 1429 611 1482 virum
625 1444 785 1497 pugnasque
798 1429 923 1484 canebat

146 1515 272 1570 Tandem
284 1515 414 1569 ductores
426 1516 518 1570 audita
532 1516 615 1570 caede
625 1532 737 1570 suorum

110 1603 291 1658 Conveniunt
303 1604 409 1670 Teucri,
424 1603 584 1658 Mnestheus
598 1619 715 1673 acerque
729 1603 869 1670 Serestus,

109 1691 292 1759 Palantisque
305 1690 399 1744 vident
411 1693 501 1746 socios
513 1692 675 1761 hostemque
689 1697 840 1761 receptum.

109 1778 149 1831 Et
161 1778 324 1832 Mnestheus
337 1780 353 1806 “
363 1778 424 1844 Qiro
437 1779 536 1833 deinde
548 1781 649 1848 figam,
665 1796 719 1849 quo
731 1780 864 1834 tenditis?
876 1779 892 1806 ”
911 1780 1010 1849 inquit,

111 1869 129 1894 “
139 1865 219 1930 Quos
232 1866 300 1919 alios
312 1883 412 1934 muros,
428 1883 498 1935 quae
509 1868 564 1920 ium
579 1868 652 1921 ultra
663 1868 772 1922 moenia
784 1867 911 1921 habetis?

110 1952 193 2006 Unus
203 1953 296 2018 homo,
308 1960 337 2007 et
349 1954 456 2021 vestris,
473 1972 490 2008 o
504 1955 585 2022 cives,
603 1956 724 2025 undique
738 1963 848 2025 saeptus

110 2040 278 2108 Aggeribus,
292 2046 384 2094 tantas
396 2050 501 2110 strages
514 2043 627 2112 impune
639 2060 689 2113 per
702 2044 799 2098 urbem

109 2127 260 2181 Edideritl
279 2128 410 2182 iuvenum
424 2130 527 2198 primos
540 2137 582 2184 tot
595 2131 700 2185 miserit
715 2131 809 2186 Orcol

109 2214 178 2269 Non
190 2214 311 2268 infelicis
322 2217 429 2284 patriae
443 2224 621 2287 veterumque
637 2219 751 2273 deorum

109 2302 148 2355 Et
160 2304 255 2371 magni
267 2301 388 2372 Aeneae,
403 2321 508 2373 segnes,
524 2306 689 2374 miseretque
703 2307 860 2377 pudetque?
872 2309 888 2336 '’

110 2389 224 2444 Talibus
236 2392 342 2444 aucensi
356 2391 510 2460 firmantur,
525 2399 553 2447 et
566 2395 676 2462 agmine
690 2395 775 2448 denso

111 2478 285 2532 (lonsistunt.
324 2479 433 2533 Turnus
445 2481 579 2549 paulatim
596 2486 729 2541 excedere
741 2505 834 2557 pugna

96 2564 148 2648 'Et
160 2565 276 2619 fluvium
290 2573 384 2634 petere
396 2584 429 2622 ac
440 2575 557 2638 partem,
577 2589 646 2640 quae
659 2575 779 2642 cingitur
792 2575 874 2630 unda.

110 2653 215 2706 Acrius
226 2653 279 2706 hoo
292 2653 389 2707 Teucri
401 2655 521 2710 clamore
534 2658 694 2715 incumbere
708 2679 816 2731 magno,

110 2740 148 2793 lit
159 2740 314 2809 glomerare
326 2758 453 2796 manum:
475 2761 525 2798 ceu
542 2763 652 2801 saevum
668 2750 750 2803 turba
761 2749 870 2803 leonem

110 2828 183 2880 Cum
195 2826 259 2881 telis
271 2829 372 2896 premit
384 2829 514 2900 infensis3
538 2839 567 2887 ut
580 2837 693 2889 territus
705 2836 760 2902 ille,

110 2917 210 2984 Asper,
227 2917 325 2970 acerba
337 2922 426 2985 tuens,
441 2925 517 2974 retro
531 2922 619 2988 redit,
640 2929 669 2976 et
681 2940 771 2992 neque
783 2929 861 2992 terga

111 3003 156 3057 Ira
168 3004 237 3057 dare
249 3009 297 3057 aut
309 3004 398 3058 virtus
410 3007 521 3075 patitur,
538 3024 590 3062 nec
602 3010 717 3065 tendere
726 3018 833 3079 contra,

111 3091 160 3144 llle
174 3091 284 3160 quidem
297 3091 352 3146 hoo
362 3094 482 3162 cupiens,
500 3097 572 3165 potis
584 3102 626 3150 est
639 3115 687 3166 per
700 3099 755 3153 tela
767 3101 912 3169 virosque:

110 3178 193 3232 Haud
206 3179 287 3234 aliter
299 3185 374 3235 retro
388 3181 489 3235 dubius
502 3183 618 3252 vestigia
630 3184 739 3239 Turnus

111 3265 303 3336 Improperata
315 3269 411 3336 refert,
427 3274 455 3322 et
468 3285 546 3322 mens
559 3278 702 3326 exaestuat
713 3273 762 3327 ira.

111 3353 183 3419 Quin
196 3356 277 3409 etiam
294 3356 335 3409 bis
347 3361 409 3409 tum
422 3356 529 3410 medios
541 3357 681 3412 invaserat
693 3360 788 3428 hostis,

110 3441 157 3496 Bis
170 3443 286 3497 contusa
299 3444 367 3512 iuga
379 3459 430 3511 per
443 3460 535 3496 muros
549 3445 658 3512 agmina
672 3448 770 3514 vertit3

110 3528 163 3584 Sed
175 3548 273 3586 manns
285 3549 300 3585 e
313 3531 415 3586 eastris
427 3546 546 3598 propere
559 3532 615 3585 coit
629 3535 719 3587 omnis
731 3534 759 3587 in
773 3551 867 3604 unum,
