2734 3936
449 221 587 272 vuaulul
609 219 797 272 GEORCICON
819 221 840 271 1.

137 383 279 454 Exercete,
293 385 355 453 viri,
370 389 470 450 tauros,
486 384 568 436 serite
580 382 685 436 hordea
698 382 808 450 campis,

137 472 231 542 Usque
244 474 294 526 sub
307 477 463 525 extremum
476 470 589 524 brumae
601 470 784 524 intractabilis
796 471 928 537 imbrcm3

137 559 266 612 Necnon
279 564 308 612 et
319 559 371 611 lini
384 562 503 624 segetem
516 563 544 611 et
557 557 671 610 Cereale
683 573 804 626 papaver

136 647 256 716 Tempus
268 646 353 699 humo
366 650 467 713 tegere,
483 654 510 698 et
522 644 679 698 iamdudum
693 645 852 697 incumbere
864 643 970 713 aratris,

135 733 209 785 Dum
224 733 296 786 sicca
308 732 407 786 tellure
418 731 490 798 licet,
506 731 570 784 dum
585 731 679 784 nubila
689 730 820 799 pendent.

136 819 212 873 Vere
225 820 298 873 fabis
310 819 395 884 sati03
416 823 474 871 tum
488 823 515 871 te
529 834 644 887 quoque,
660 817 774 885 Medica,
788 821 884 885 putres

135 906 287 974 Accipiunt
299 905 376 973 sulci,
392 913 420 958 et
432 904 507 958 milio
520 905 597 957 venit
610 920 701 958 annua
714 920 786 971 cura,
843 961 845 966 ,

136 992 279 1046 Candidus
291 992 394 1045 auratis
407 991 496 1060 aperit
508 1008 569 1044 cum
583 991 713 1045 cornibus
726 1007 829 1045 annum

135 1079 250 1147 Taurus,
266 1084 293 1132 et
306 1077 422 1132 adverso
436 1078 535 1132 cedens
548 1077 630 1132 Canis
643 1077 743 1132 occidit
757 1084 842 1132 astro.

136 1169 178 1220 At
190 1167 213 1219 si
226 1166 361 1220 triticeam
373 1167 403 1219 in
417 1182 532 1219 messem
546 1165 713 1233 robustaque
724 1165 801 1218 farra

135 1253 286 1307 Exercebis
298 1253 421 1320 humum,
426 1252 544 1321 solisque
557 1252 673 1306 instabis
686 1252 784 1322 aristis,

136 1342 214 1395 Ante
226 1341 278 1394 tibi
290 1341 365 1394 ane
378 1340 535 1394 Atlantides
548 1339 752 1394 abscondantur

136 1429 292 1496 Cnosiaque
305 1427 426 1481 ardentis
438 1427 554 1482 decedat
568 1426 646 1481 stella
659 1427 793 1496 Coronae,

135 1517 238 1570 Debita
252 1533 333 1584 quam
347 1515 429 1569 sulcis
442 1515 599 1569 committas
611 1514 723 1580 semina,
738 1532 874 1585 quamque

136 1604 245 1658 Invitae
258 1620 389 1672 properes
401 1603 464 1656 anni
478 1619 554 1671 spem
568 1602 679 1656 credere
692 1607 790 1667 terrae.

119 1731 122 1738 .
136 1690 218 1745 Multi
233 1697 296 1746 ante
309 1707 437 1745 occasum
450 1689 538 1744 Maiae
551 1708 681 1760 coepere;
703 1691 750 1744 sed
764 1690 827 1744 illos

136 1779 304 1848 Exspectata
316 1797 394 1848 seges
405 1781 484 1833 vanis
496 1779 577 1833 elusit
590 1779 689 1832 aristis.

137 1867 166 1920 Si
180 1885 246 1922 vero
259 1870 411 1939 viciamque
423 1887 497 1924 seres
509 1870 645 1937 vilemque
660 1868 803 1938 phaselum

137 1953 197 2009 Nec
210 1955 367 2010 Pelusiacae
379 1973 473 2010 euram
486 1957 669 2025 aspernabere
681 1955 771 2021 lentie,

137 2041 219 2096 Haud
233 2043 350 2098 obscura
362 2043 463 2097 cadens
475 2044 569 2096 mittet
580 2043 631 2096 tibi
645 2043 722 2111 signa
733 2042 850 2096 Bootes:

137 2127 241 2198 Incipe,
257 2129 331 2184 etad
345 2130 448 2184 medias
461 2136 611 2183 sementem
624 2131 741 2184 extende
755 2131 872 2198 pruinas.

171 2215 281 2270 Idcirco
294 2217 377 2270 certis
390 2217 544 2270 dimensum
558 2218 684 2287 partibus
697 2220 793 2272 orbem

136 2302 191 2356 Per
204 2303 331 2358 duodena
342 2304 414 2373 regit
427 2305 523 2358 mundi
537 2304 584 2358 Sol
597 2321 695 2358 aureus
708 2311 789 2358 astra.

138 2389 266 2460 Quinque
277 2396 376 2445 tenent
389 2392 494 2445 caelum
508 2408 608 2446 zonae:
629 2409 743 2462 quarum
757 2409 813 2446 una
825 2409 939 2446 corusco

137 2475 251 2546 Semper
264 2478 322 2531 sole
335 2478 435 2532 rubens
448 2484 476 2532 et
488 2479 595 2532 torrida
607 2496 714 2547 semper
727 2480 761 2534 ab
774 2480 847 2548 igni3

138 2563 226 2629 Quam
241 2565 343 2619 circum
357 2570 497 2619 extremae
510 2566 609 2620 dextra
623 2567 755 2636 laevaque
768 2566 917 2620 trahuntur

139 2650 296 2718 Caeruleae,
311 2649 398 2718 glaeie
411 2657 554 2705 concretae
567 2658 648 2721 atque
661 2653 794 2708 imbribus
806 2655 889 2722 atris3

138 2739 194 2793 Has
207 2740 280 2792 inter
293 2731 463 2806 mediamque
477 2738 545 2792 duae
558 2740 720 2793 mortalibus
732 2742 819 2808 aegris

136 2821 252 2876 Munere
261 2839 408 2877 concessae
420 2824 522 2893 divom,
537 2830 565 2877 et
578 2825 621 2879 via
635 2832 709 2879 secta
721 2843 770 2894 per
782 2827 883 2896 ambae,

136 2909 271 2978 Obliquus
284 2927 338 2978 qua
351 2927 379 2964 se
393 2911 531 2979 signorum
545 2917 665 2965 verteret
678 2912 755 2966 orde.

135 2995 262 3064 Mundus,
277 3002 310 3049 ut
323 2997 358 3051 ad
370 2997 513 3064 Scythiam
526 2998 720 3068 Riphaeasque
733 2999 835 3055 arduus
849 3018 925 3056 arces

136 3083 292 3153 Consurgit,
308 3085 444 3152 premitur
455 3085 559 3152 Libyae
572 3086 692 3140 devexus
704 3087 733 3139 iu
746 3094 863 3142 austros.

136 3169 187 3224 Hic
200 3179 299 3226 vertex
313 3172 393 3225 nobis
405 3189 514 3240 semper
527 3173 663 3239 sublimis;
685 3174 803 3228 atilium

135 3260 189 3314 Sub
201 3261 320 3330 pedibus
334 3260 404 3329 Styx
417 3267 478 3315 atra
490 3262 565 3315 videt
578 3262 724 3332 Manesque
737 3264 878 3331 profundi.

122 3345 268 3402 'Maximus
281 3349 328 3403 bic
341 3348 416 3402 flexu
429 3349 539 3402 sinuoso
557 3349 673 3403 elabitur
688 3350 796 3418 Anguis

136 3435 240 3490 Circum
254 3452 361 3506 perque
373 3435 442 3489 duas
453 3436 483 3488 in
496 3453 603 3490 morem
615 3437 735 3490 fluminis
750 3438 858 3508 Arctos,

132 3522 232 3578 Arctos
245 3523 353 3579 Oceani
366 3523 519 3576 metuentis
531 3540 649 3592 aequore
663 3525 741 3592 tingi.
