2706 3938
429 221 567 272 vaserat
591 222 755 274 spasmos
777 221 808 271 V.

105 385 181 440 Haec
195 385 287 438 effata.

105 474 144 526 At
157 477 261 526 matres
274 472 366 540 primo
379 472 520 541 ancipites,
536 472 676 540 oculisque
689 471 818 538 malignis

104 561 263 626 Ambiguae
277 563 404 626 spectare
417 565 491 612 rates
503 559 635 612 miserum
647 559 722 612 inter
734 575 856 612 amorem

105 646 263 700 Praesentis
276 651 369 698 terrae
382 645 501 713 fatisque
515 647 645 700 vocantia
657 661 757 712 regna:

106 733 175 786 Oum
188 733 243 786 dea
255 750 284 786 se
298 733 409 801 paribus
422 748 471 800 per
484 732 589 786 caelum
604 732 716 786 sustulit
729 733 779 786 alis

107 819 308 889 lugentemque
320 819 388 888 fuga
401 820 489 872 secuit
502 819 552 872 snb
565 819 684 872 nubibus
697 835 799 872 arcum.

106 906 174 959 Tum
187 923 256 960 vero
270 907 405 960 attonitae
417 906 549 959 monstris
562 914 693 974 actaeque
706 906 801 960 furore

107 994 299 1061 Conclamant,
314 993 479 1062 rapiuntque
492 993 564 1046 focis
576 993 765 1062 penetralibus
777 994 884 1062 ignem3

104 1082 174 1136 Pars
186 1081 309 1150 spoliant
321 1097 390 1148 aras,
404 1079 532 1134 frondem
545 1097 576 1134 ac
590 1080 711 1148 virgulta
722 1080 850 1149 facesque

107 1169 267 1222 Coniciunt.
304 1167 384 1220 Furit
396 1167 526 1220 immissis
539 1167 681 1221 Volcanus
695 1166 811 1221 habenis

107 1256 239 1310 Transire
253 1272 301 1322 per
314 1261 342 1308 et
354 1271 444 1308 remos
459 1262 486 1308 et
498 1254 585 1323 pictas
599 1255 688 1308 abiete
702 1253 810 1322 puppis.

106 1344 230 1397 Nuntius
244 1342 383 1396 Anchisae
396 1341 430 1395 ad
443 1342 580 1396 tumulum
595 1357 750 1410 cuneosque
762 1341 865 1396 theatri

106 1432 239 1485 Incensos
252 1429 357 1498 perfert
369 1429 448 1482 navis
460 1428 599 1498 Eumelus,
614 1435 642 1482 et
652 1429 705 1497 ipsi

105 1519 271 1587 Respiciunt
284 1524 372 1570 atram
385 1517 412 1569 in
427 1517 522 1572 nimbo
536 1517 652 1570 volitare
666 1516 798 1570 favillam.

104 1607 216 1660 Primus
229 1604 413 1669 simeonius,
428 1621 524 1658 cursus
538 1611 568 1658 ut
579 1604 668 1658 laetus
687 1604 821 1674 equestris

104 1694 240 1760 Ducebat,
257 1693 296 1744 sic
309 1708 372 1745 acer
384 1708 456 1760 equo
467 1692 578 1746 turbata
591 1692 689 1760 petivit

106 1781 211 1842 Castra,
227 1796 278 1833 nec
291 1779 430 1832 exanimes
442 1785 557 1848 possunt
570 1780 690 1834 retinere
704 1780 837 1848 magistri.

107 1868 203 1933 “Quis
214 1867 295 1919 furor
305 1867 358 1919 iste
371 1867 476 1919 novust
496 1883 550 1935 quo
562 1883 644 1933 nunc,
659 1884 714 1936 qno
726 1868 841 1922 tenditis
854 1869 870 1896 ''
884 1868 981 1938 inquit,

107 1955 195 2008 “Heu
208 1955 325 2006 miserae
337 1953 429 2006 civesl
444 1969 505 2006 non
518 1954 627 2008 hostem
640 1955 805 2024 inimicaque
819 1962 909 2010 castra

105 2043 251 2110 Argivom,
266 2045 371 2094 vestras
383 2057 445 2108 spes
458 2041 544 2094 uritis.
583 2041 634 2108 En,
649 2058 701 2110 ego
712 2047 803 2096 vester

106 2129 259 2182 Ascaniusl
271 2127 287 2155 ’'
324 2127 439 2182 Galeam
453 2135 516 2181 ante
530 2129 613 2196 pedes
625 2129 742 2197 proiecit
757 2131 876 2198 inanem,

106 2215 167 2280 Qua
180 2215 249 2267 ludo
262 2213 375 2268 indutus
388 2215 451 2268 belli
464 2215 610 2270 simulacra
623 2216 719 2270 ciebat.

106 2302 254 2356 Accelerat
267 2301 347 2354 mmul
362 2302 477 2370 Aeneas,
492 2302 573 2355 simul
585 2303 695 2370 agmina
709 2303 852 2358 Teucrum.

106 2391 159 2442 Ast
171 2389 237 2442 illae
250 2389 361 2442 diversa
373 2395 448 2443 metu
462 2406 511 2458 per
524 2390 607 2444 litora
620 2391 720 2460 passim

105 2477 273 2545 Diffugiunt,
287 2476 423 2544 silvasque
436 2482 464 2530 et
477 2478 564 2530 sicubi
578 2495 700 2532 concava
713 2479 811 2532 furtim

106 2564 178 2618 Saxa
190 2569 305 2631 petunt3
326 2563 402 2631 piget
413 2565 516 2632 incepti
529 2564 659 2634 lucisque,
675 2583 793 2636 suosque

106 2651 229 2705 Mutatae
242 2657 404 2718 agnoscunt,
419 2667 588 2720 excussaque
602 2661 715 2720 pectore
728 2653 798 2708 luno
810 2659 861 2708 est.

106 2739 158 2792 Sed
172 2755 228 2792 non
241 2737 346 2791 idcirco
359 2737 484 2792 flammae
497 2743 580 2808 atque
593 2740 721 2794 incendia
734 2741 801 2794 viris

106 2827 260 2880 Indomitas
272 2842 404 2894 posuere3
425 2825 481 2880 udo
495 2827 545 2879 sub
558 2827 658 2881 robore
670 2828 740 2882 vivit

106 2918 211 2984 b'tuppa
224 2931 342 2968 vomens
354 2914 466 2968 tardum
478 2915 593 2983 fumum,
609 2915 753 2985 lentusque
766 2917 873 2972 carinas

106 3002 154 3056 Est
166 3019 263 3071 vapor,
279 3006 308 3055 et
320 3006 381 3054 toto
393 3000 534 3055 descendit
548 3018 663 3070 corpore
675 3004 768 3072 pestis,

106 3089 163 3144 Nec
177 3091 251 3144 vires
265 3091 378 3143 heroum
392 3089 537 3157 infusaque
550 3089 664 3144 flumina
676 3100 800 3160 prosunt.

106 3176 172 3231 Tum
186 3179 249 3247 pins
264 3178 373 3232 Aeneas
386 3177 488 3230 umeris
501 3176 663 3232 abscindere
677 3184 790 3248 vestem,

106 3265 273 3334 Auxilioque
286 3281 387 3318 vocare
400 3265 474 3333 deos,
489 3270 518 3318 et
529 3265 642 3318 tendere
654 3267 773 3334 palmas:

108 3352 255 3422 “luppiter
269 3354 456 3421 omnipotens,
471 3353 493 3405 si
507 3353 630 3406 nondum
644 3370 743 3408 exosus
755 3354 790 3408 ad
805 3371 889 3408 unum

107 3439 246 3508 Troianos,
261 3441 284 3494 si
298 3440 363 3510 qnid
378 3439 468 3508 pictas
481 3441 595 3508 antiqua
606 3441 714 3496 labores

107 3525 229 3596 Respicit
241 3527 385 3594 humanos,
400 3527 437 3579 da
449 3525 586 3594 flammam
600 3528 717 3581 evadere
730 3528 823 3582 classi·
886 3559 887 3563 =
952 3558 954 3562 ·
