2668 3942
413 237 552 287 VERGILI
573 237 739 286 AllNlllDOS
761 237 818 287 XII.

105 401 263 470 Saetigerae
273 401 366 455 fetum
380 401 435 454 suis
447 401 640 468 intonsamque
653 399 793 454 bidentem

106 489 220 556 Attulit,
235 489 414 557 admovitque
427 505 509 558 pecus
522 487 702 555 flagrantibus
716 487 778 540 aris.

106 576 151 629 1111
163 576 198 630 ad
211 582 368 644 surgentem
382 575 508 629 conversi
519 575 624 628 lumina
637 575 722 628 solem

105 663 180 716 Dant
193 663 286 731 fruges
297 663 425 717 manibus
437 663 529 730 331333,
544 668 573 716 31
584 668 710 730 tempora
722 662 799 715 13333

106 751 221 803 Summa
233 755 333 804 notant
345 750 490 819 pecudum,
506 750 662 818 paterisque
676 749 880 803 3113313113331.

106 838 174 890 Tum
187 837 375 906 3133Α33333
388 838 485 891 stricto
498 837 536 890 sic
549 853 614 890 ense
628 842 772 905 precatur:

108 924 202 978 “Esto
214 940 290 978 nuno
303 925 349 978 Sol
363 925 443 978 133113
456 924 564 978 ethaeo
577 923 644 976 mihi
657 923 741 977 Terra
753 925 872 990 vocanti,

107 1011 195 1076 Quam
210 1018 326 1080 3333133
338 1018 431 1065 tantos
443 1011 523 1081 potui
535 1011 658 1080 perferre
671 1011 787 1078 labores,

105 1099 142 1153 Et
154 1099 240 1152 Pater
253 1099 436 1167 33331331333,
451 1104 479 1151 31
492 1102 523 1151 13
536 1085 667 1151 Saturnia
680 1098 846 1165 coniunx,—

106 1185 164 1240 Iam
178 1185 285 1250 melior,
300 1186 363 1254 iam,
379 1186 450 1250 diva,
463 1190 684 1255 precor-tuque
696 1184 801 1238 inclute
813 1184 932 1254 Mavors,

106 1275 215 1328 (133313
227 1279 277 1327 133
290 1275 336 1342 qui
349 1273 428 1342 bella,
442 1279 530 1342 pater,
545 1273 595 1326 sub
609 1273 721 1326 numine
734 1278 862 1340 torques,

106 1363 257 1431 Fontisque
270 1361 435 1429 Fluviosque
449 1377 527 1428 voco,
542 1375 666 1429 quaeque
678 1359 798 1414 aetheris
811 1359 859 1412 alti

105 1450 222 1518 Religio,
239 1455 268 1502 et
281 1465 349 1517 quae
362 1448 488 1502 caeruleo
501 1455 564 1501 sunt
576 1448 692 1501 numina
703 1454 807 1516 ponto:
863 1463 865 1468 ·

105 1538 226 1591 Gesserit
238 1537 366 1590 Ausonio
378 1535 400 1588 31
413 1536 472 1588 1333
484 1535 602 1588 31313313
614 1535 716 1602 Turno,
747 1539 751 1548 '

105 1625 244 1679 Convenit
257 1623 378 1677 Euandri
391 1623 480 1676 313133
492 1622 633 1676 discedere
646 1623 681 1676 ad
692 1623 807 1691 urbem;

104 1712 193 1766 (ledet
207 1712 284 1765 Iulus
297 1712 376 1780 agris,
391 1728 442 1766 neo
455 1717 518 1781 3331
531 1727 607 1766 arma
619 1711 673 1766 ulla
685 1711 802 1764 rebelles

101 1801 254 1855 Aeneadae
267 1802 396 1868 referent,
410 1801 518 1854 ferrove
531 1801 600 1854 3333
614 1817 697 1868 regna
708 1799 851 1852 lacessent.

102 1888 151 1942 Sin
164 1895 293 1942 nostrum
307 1889 433 1943 adnuerit
447 1890 525 1943 nobis
539 1887 667 1942 Victoria
679 1887 832 1941 Martem—

102 1976 141 2030 Ut
154 1977 249 2046 potius
262 1995 331 2046 reor,
347 1983 375 2031 et
388 1978 478 2046 potius
491 1977 516 2030 di
530 1977 643 2030 numine
655 1975 802 2029 firment-

102 2063 169 2118 Non
182 2081 236 2132 ego
249 2081 301 2118 333
314 2065 424 2119 Τ333313
438 2064 524 2118 113133
536 2081 633 2132 333333
646 2063 754 2140 iubebo,

101 2151 162 2205 Nec
176 2152 247 2204 mihi
260 2168 346 2220 regna
357 2157 423 2220 peto
434 2171 440 2219 3
461 2153 573 2221 3331333
586 2167 615 2204 33
628 2151 733 2218 legibus
745 2149 842 2204 ambae

102 2237 231 2292 Invictae
244 2244 341 2307 gentes
354 2250 465 2294 3313333
477 2240 506 2292 13
518 2239 632 2292 foedera
643 2239 765 2292 mittant.

101 2325 190 2380 Sacra
204 2327 323 2396 deosque
335 2327 422 2392 dabo;
443 2343 522 2382 33333
534 2344 610 2382 arma
622 2327 736 2381 Latinus
749 2327 858 2393 habete,

102 2413 258 2483 Imperium
270 2415 400 2468 sollemne
413 2431 507 2489 socer,
527 2415 596 2468 milri
611 2415 722 2468 moenia
733 2414 830 2468 Teucri

102 2501 290 2570 Constituent,
306 2503 419 2572 urbique
432 2503 508 2556 dabit
520 2503 635 2556 Lavinia
646 2502 777 2555 nomen.”

102 2589 150 2644 Sic
163 2589 242 2657 33133
254 2590 379 2652 Aeneam
401 2591 574 2658 seqnitur'sie
587 2589 687 2643 deinde
700 2589 821 2656 Latinus,

101 2675 263 2744 Suspiciens
275 2677 388 2746 caelum,
402 2677 547 2746 tenditque
561 2677 595 2730 ad
609 2677 698 2730 sidera
710 2677 854 2730 dextram:

103 2763 209 2817 “Haeo
222 2763 325 2832 eadem,
339 2763 443 2831 Aenea,
460 2764 579 2829 Terram,
594 2763 680 2832 Mare,
696 2763 799 2830 Sidera,
813 2764 884 2832 iuro,

100 2849 281 2918 Latonaeque
294 2867 379 2918 genus
392 2850 500 2919 duplex,
515 2851 668 2920 Ianumque
680 2851 839 2918 bifrontem,

103 2936 227 3006 Vimque
239 2937 321 2990 deum
333 2938 472 2990 infernam
485 2942 513 2990 31
525 2938 588 2990 duri
600 2938 719 2991 sacraria
731 2938 817 3004 Ditis3

102 3024 210 3078 Audiat
222 3024 291 3078 haec
304 3025 428 3094 Genitor,
444 3025 490 3093 qui
504 3025 616 3078 foedera
628 3025 744 3078 fulmine
758 3026 854 3079 sancit.

102 3110 199 3180 Tango
212 3128 281 3176 3333,
296 3111 401 3165 medios
413 3112 485 3180 ignis
498 3118 526 3165 31
538 3113 653 3166 numina
665 3118 770 3166 testor:

101 3198 188 3254 Nulla
200 3199 259 3252 dies
270 3216 366 3268 pacem
377 3199 450 3253 hanc
463 3198 539 3254 113113
551 3217 601 3254 333
614 3199 727 3255 foedera
738 3205 857 3270 rumpet,

103 3285 165 3350 Quo
178 3303 353 3356 roseumque
366 3287 482 3353 cadent3
503 3304 554 3341 neo
566 3304 610 3341 me
624 3289 666 3341 313
680 3288 734 3341 3113
747 3288 886 3341 volentem

101 3373 230 3440 Avertet,
245 3391 309 3441 non,
325 3374 347 3426 31
361 3373 488 3427 tellurem
503 3374 627 3428 effundat
641 3375 668 3426 in
683 3374 778 3439 undas,

101 3461 216 3515 Diluvio
229 3461 355 3528 miscens,
371 3460 530 3530 caelumque
543 3463 571 3514 in
585 3461 700 3515 Tartara
712 3462 802 3515 solvat
813 3481 819 3525 3

101 3547 141 3602 Ut
154 3554 293 3618 sceptrum
306 3547 496 3602 hoo-dextra
508 3554 646 3617 sceptrum
660 3565 723 3602 nam
738 3549 810 3602 forte
822 3551 962 3617 gerebat—t
