2730 3936
452 233 590 283 VERGILI
613 233 801 284 GEORGIOON
824 233 868 284 IV.

146 396 269 465 Tempus
281 401 309 451 et
324 395 435 450 Arcadii
448 396 628 450 memoranda
640 396 754 450 inventa
765 396 890 464 magistri

146 484 283 552 Pandere,
298 500 406 553 quoque
419 483 502 536 modo
514 484 600 537 caesis
611 483 666 536 iam
679 499 760 552 saepe
772 483 897 537 iuvencis

147 571 306 624 Insincerus
318 587 384 639 apes
396 570 491 624 tulerit
503 587 594 625 cruor.
631 570 726 623 Altius
738 586 849 624 omnem

146 656 301 726 Expediam
315 656 405 724 prima
417 661 544 724 repetens
557 657 591 709 ab
604 655 710 724 origine
721 655 831 710 famam.

148 743 221 797 Nam
235 759 290 813 qua
301 742 405 796 Pellaei
417 759 484 811 gens
495 743 638 797 fortunata
651 742 756 812 Canopi

147 830 259 884 Accolit
272 830 359 884 effuso
372 835 545 898 stagnantem
558 829 671 884 flumine
684 829 779 884 Nilum

147 917 187 970 Et
199 918 301 972 circum
315 918 395 987 pictis
407 917 517 972 vehitur
529 933 577 971 sua
588 935 654 972 rura
666 917 800 987 phaselis;

148 1004 263 1073 Quaque
275 1004 450 1074 pharetratae
462 1005 564 1070 uicinia
575 1004 696 1059 Persidis
709 1010 795 1074 urget,

146 1092 185 1144 Et
197 1092 305 1146 diversa
317 1109 399 1146 ruens
411 1097 518 1161 septem
530 1093 659 1148 discurrit
669 1094 700 1146 in
712 1109 762 1148 ora

149 1179 243 1249 Usque
256 1179 386 1233 coloratis
399 1179 489 1233 amnis
500 1179 622 1234 devexus
634 1181 669 1234 ab
681 1179 764 1249 Indis,

147 1266 186 1320 Et
197 1267 314 1320 viridem
328 1268 486 1336 Aegyptum
499 1267 579 1336 nigra
589 1267 722 1322 fecundat
736 1268 852 1323 harena:

149 1354 247 1408 Omnis
259 1354 288 1407 in
300 1353 352 1408 hac
365 1359 467 1408 certam
481 1354 558 1422 regio
570 1354 635 1408 iacit
645 1360 705 1408 arte
717 1355 842 1410 salutem.

147 1442 273 1510 Exiguus
285 1442 404 1511 primum
417 1447 499 1510 atque
511 1442 586 1509 ipsos
598 1447 754 1496 contractus
766 1442 802 1496 ad
814 1459 878 1496 usus

147 1530 267 1599 Eligitur
279 1528 373 1596 locus3
392 1528 466 1582 hunc
479 1529 642 1598 augustique
654 1529 769 1584 imbrice
781 1530 849 1584 tecti

147 1617 358 1685 Parietibusque
370 1621 501 1685 premunt
512 1617 588 1684 artis,
602 1621 631 1670 et
643 1623 774 1685 quattuor
786 1616 899 1686 addunt,

148 1705 288 1770 Quattuor
300 1705 426 1772 aventis,
439 1703 551 1772 obliqua
563 1703 624 1758 luce
636 1703 778 1758 fenestras.

148 1793 217 1845 Tum
231 1791 335 1845 vitulus
347 1792 421 1847 bima
434 1809 550 1846 curuans
562 1793 617 1847 iam
630 1807 733 1846 cornua
746 1791 837 1846 fronte

148 1879 311 1946 Quaeritur,
333 1878 396 1933 huic
407 1879 534 1949 geminae
545 1895 627 1934 nares
639 1885 668 1933 et
679 1879 791 1948 spiritus
804 1878 859 1932 oris

148 1966 239 2020 Multa
250 1965 397 2020 reluctanti
411 1967 570 2035 obstruitur,
585 1966 726 2036 plagisque
739 1969 883 2034 perempto

148 2055 241 2109 Tunsa
252 2072 302 2125 per
315 2057 450 2124 integram
463 2055 609 2110 solvuntur
620 2054 727 2107 viscera
738 2054 846 2122 pellem.

147 2141 194 2196 Sic
207 2143 328 2210 positum
339 2143 369 2195 in
380 2142 471 2197 clauso
483 2142 619 2212 linquunt,
634 2146 664 2194 et
674 2157 766 2194 ramea
778 2143 861 2196 costis

148 2231 294 2287 Subiciunt
306 2234 468 2303 fragmenta,
483 2232 610 2298 thymum
624 2231 762 2301 casiasque
776 2231 900 2286 recentis.

148 2319 210 2374 Hoc
219 2322 332 2390 geritur,
346 2321 478 2391 Zephyris
489 2322 611 2390 primum
622 2320 827 2390 impellentibus
839 2320 934 2388 undas,

147 2408 319 2463 Antenoris
332 2409 450 2464 rubeant
463 2427 544 2479 quam
558 2414 639 2479 prata
650 2409 796 2474 coloribus,
811 2413 875 2461 ante

148 2495 270 2550 Garrula
282 2513 363 2565 quam
379 2498 461 2566 tignis
473 2498 569 2552 nidum
582 2497 731 2567 suspendat
742 2494 871 2550 hirundo.

147 2582 261 2638 interea
273 2583 376 2638 teneris
389 2585 543 2654 tepefactus
553 2586 582 2639 in
595 2584 701 2639 ossibus
713 2600 792 2636 umor

148 2671 276 2740 Aestuat,
290 2677 319 2726 et
331 2673 445 2727 visenda
456 2673 546 2726 modis
558 2673 687 2728 animalia
698 2672 782 2738 miris,

147 2757 257 2813 Trunca
270 2759 371 2827 pedum
383 2761 480 2828 primo,
491 2777 557 2814 mox
569 2765 597 2815 et
610 2760 754 2814 stridentia
767 2759 872 2827 pennis,

147 2846 307 2915 Miscentur,
322 2856 487 2919 tenuemque
500 2849 586 2917 magis
598 2848 685 2916 magis
697 2855 762 2902 altra
774 2851 898 2916 carpunt,

147 2935 252 3006 Donec,
266 2944 297 2991 ut
310 2937 421 2992 aestivis
434 2938 536 2991 effusus
547 2937 667 2991 nubibus
678 2936 775 3001 imber,

147 3023 279 3093 Erupere,
293 3031 341 3079 aut
354 3029 392 3092 ut,
407 3040 494 3077 nervo
506 3024 638 3092 pulsante,
653 3024 776 3091 sagittae,

149 3110 243 3166 Prima
255 3110 331 3165 leves
342 3111 440 3165 ineunt
453 3110 476 3173 si
490 3110 599 3178 quando
612 3110 717 3178 proelia
729 3109 835 3164 Parthi.

183 3197 251 3263 Quis
264 3197 332 3252 deus
343 3198 424 3266 hanc,
438 3196 540 3265 Musae,
556 3197 617 3266 quis
629 3197 707 3251 nobis
720 3197 829 3250 extudit
842 3196 947 3250 artemi

148 3283 228 3340 Unde
240 3301 313 3340 nova
324 3286 464 3353 ingressus
476 3285 615 3338 hominurn
630 3284 799 3354 experientia
811 3285 901 3353 copiti

146 3371 245 3428 Pastor
257 3373 404 3427 Aristaeus
415 3371 524 3439 fugiens
535 3371 638 3426 Peneia
649 3371 758 3440 Tempe,

148 3461 271 3529 Amissis,
286 3465 318 3514 ut
330 3461 415 3525 fama,
430 3459 527 3526 apibus
539 3461 690 3528 morboque
701 3460 837 3528 fameque,

148 3545 242 3601 Tristis
255 3547 288 3602 ud
303 3545 422 3600 extremi
437 3561 543 3598 sacrum
557 3551 642 3614 caput
653 3546 742 3599 astitit
754 3548 851 3607 amnis,
