2706 3938
399 213 535 262 VERGILI
558 211 722 261 AENEIDOS
745 211 803 261 VII.

103 375 194 430 lmbuit
206 382 234 430 et
246 377 351 445 primae
364 375 503 430 commisit
515 375 616 428 funere
628 391 744 443 pugnae,

103 463 201 517 Deserit
214 464 382 532 Hesperiam,
396 468 424 517 et
437 462 505 516 oaeli
518 478 652 515 conversa
665 478 715 530 per
727 477 807 516 auras

102 551 224 604 lunonem
239 551 338 604 victrix
352 551 462 604 adfatur
475 565 544 602 vooe
557 549 690 617 superba:

103 637 168 705 “En,
181 638 305 707 perfecta
317 637 369 691 tibi
383 637 455 690 bello
467 635 606 690 disoordia
617 635 705 689 tristi!

102 724 152 793 Dio,
166 726 193 778 in
205 725 355 779 amicitiam
369 729 468 778 ooeant
482 728 510 776 et
521 723 636 777 foedera
648 723 777 790 iungant!

101 810 318 880 Quandoquidem
332 812 458 864 Ausonio
472 810 591 878 respersi
605 811 738 878 sanguiue
750 810 877 879 Teuoros,

100 896 153 952 Hoo
165 899 247 953 etiam
260 900 305 952 his
318 899 425 966 addam,
440 903 489 952 tua
502 899 523 952 si
535 898 605 951 mihi
618 903 695 951 uerte
706 898 851 952 voluntas:

100 983 232 1040 Finitimas
244 987 276 1038 in
287 986 360 1040 bella
372 987 459 1039 feram
472 985 629 1040 rumoribus
641 985 732 1052 urbes,

100 1071 301 1142 Aooeudamque
315 1073 421 1126 animos
432 1073 522 1126 insani
535 1071 632 1126 Martis
645 1089 746 1140 amore,

100 1158 215 1230 Undique
229 1166 260 1214 ut
274 1160 377 1214 auxilio
388 1160 517 1214 veniant:
538 1176 664 1228 spargam
678 1175 754 1213 arma
766 1176 817 1228 per
830 1161 937 1229 agros.”

100 1246 159 1300 Turn
172 1253 269 1302 eontra
281 1248 368 1302 Iuno:
391 1247 561 1301 “Terrorum
575 1254 603 1301 et
615 1247 720 1300 fraudis
732 1247 840 1301 abunde
854 1253 912 1302 est:

100 1333 171 1388 Stant
185 1336 247 1388 belli
261 1351 376 1390 eeusae:
398 1341 538 1404 pugnetur
550 1334 703 1388 comminus
715 1335 812 1401 armis3

100 1421 167 1486 Quae
178 1423 236 1476 fors
248 1424 340 1492 primu
355 1422 439 1490 dedit,
454 1423 564 1490 sanguis
576 1438 665 1475 novus
677 1422 778 1475 imbuit
787 1439 872 1476 arma.

99 1509 165 1564 Talia
177 1512 305 1580 coniugia
318 1516 347 1564 et
361 1509 422 1564 tulis
435 1509 574 1563 eelebrent
586 1509 754 1576 hymenaeos

99 1596 234 1666 Egregium
249 1598 371 1652 Veneris
384 1613 469 1666 genus
482 1601 510 1650 et
522 1614 570 1649 rex
582 1597 641 1665 ipse
653 1596 774 1650 Latinus.

99 1682 131 1738 Te
143 1703 221 1755 super
234 1685 374 1740 aetherias
387 1701 478 1738 errare
491 1684 618 1737 licentius
631 1700 712 1738 auras

101 1771 170 1827 Haud
185 1775 268 1828 Pater
281 1774 329 1827 ille
343 1773 415 1834 velit,
431 1772 530 1824 summi
544 1777 672 1839 regnator·
686 1770 806 1840 Olympi.

100 1859 164 1915 Cede
174 1862 248 1916 loeis.
288 1861 358 1930 Ego,
373 1861 395 1913 si
409 1876 462 1929 qua
475 1875 556 1928 super
569 1859 684 1912 fortuna
696 1859 820 1912 laborum
835 1865 885 1926 est,

99 1947 154 2016 lpse
163 1949 283 2019 regam.‘'
323 1948 396 2002 Talis
408 1947 523 2000 dederat
536 1946 666 2001 Saturnia
678 1963 775 2014 vooes;

99 2034 143 2089 Illa
154 2045 242 2092 autem
256 2035 362 2091 attollit
374 2034 516 2088 stridentis
532 2034 666 2102 anguibus
679 2034 742 2099 alas,

99 2123 239 2196 Cocytique
253 2127 329 2196 petit
340 2124 440 2192 sedem,
455 2141 555 2192 supera
567 2122 652 2176 ardua
664 2123 797 2191 linquens.

98 2208 142 2264 Est
152 2213 225 2267 loeus
239 2214 340 2268 Italiae
353 2213 444 2265 medio
458 2213 508 2265 sub
521 2211 661 2264 montibus
674 2210 744 2277 altis,

98 2295 194 2354 Nobilis
206 2306 235 2354 et
246 2302 326 2355 fame
337 2299 432 2352 multis
444 2307 614 2352 memoratus
625 2297 655 2350 in
668 2297 731 2365 oris,

99 2384 249 2455 Ampsancti
261 2388 365 2452 valles3
386 2387 479 2440 densis
490 2387 565 2440 huno
577 2385 721 2439 frondibus
734 2394 824 2438 atrum

98 2471 174 2543 Urget
185 2478 325 2545 utrimque
336 2476 410 2529 lutus
422 2474 551 2541 nemoris,
565 2473 710 2542 medioque
723 2473 849 2540 fragosus

98 2558 145 2614 Dat
156 2564 274 2617 sonitum
288 2565 364 2617 saxis
376 2571 404 2616 et
416 2568 491 2616 torto
505 2561 609 2615 vertice
622 2567 738 2614 torrens.

98 2645 142 2702 llio
153 2667 246 2719 specus
258 2650 432 2704 horrendum
447 2655 475 2702 et
488 2650 562 2703 saevi
576 2649 711 2717 spiracula
723 2648 797 2700 Ditis

98 2734 286 2805 Monstramur,
303 2742 441 2806 ruptoque
455 2736 551 2804 iugens
566 2736 725 2790 Acheronte
739 2752 842 2804 vorago

98 2819 235 2879 Pestiferas
247 2825 340 2894 aperit
352 2824 453 2891 i'auoes,
468 2824 528 2892 quis
540 2823 651 2877 oondita
663 2823 772 2891 Erinys,

99 2907 206 2965 Invisum
219 2929 334 2979 numen,
349 2916 437 2964 terras
450 2910 609 2979 caelumque
621 2911 740 2965 levabat.

128 2996 180 3052 llee
192 3001 283 3053 minus
293 3001 403 3052 interea
412 3003 565 3052 extremam
578 2998 706 3052 Saturnia
718 2999 792 3053 bello

99 3081 205 3151 lmpouit
217 3086 316 3155 regina
328 3101 450 3139 manum.
488 3085 555 3138 Ruit
568 3087 658 3139 omnis
669 3086 698 3139 in
710 3088 809 3140 urbem

99 3166 228 3226 Pastorum
242 3191 277 3228 ex
290 3174 351 3227 aoie
365 3189 501 3238 uumerus,
518 3189 666 3242 caesosque
678 3179 823 3242 reportant

99 3256 232 3314 Almonem
245 3277 367 3329 puerum
379 3259 538 3328 foedatique
551 3277 600 3314 ora
612 3260 729 3326 Galaesi,

99 3341 293 3416 implorantque
306 3347 382 3414 deos,
398 3347 624 3416 obtestanturque
638 3347 775 3401 Latinum.

99 3428 192 3488 Turnus
204 3436 290 3496 adest,
306 3433 454 3502 medioque
467 3434 497 3486 in
510 3434 625 3487 crimine
639 3435 731 3488 caedis
745 3440 773 3488 et
786 3435 843 3502 igni

99 3517 228 3575 Terrorem
241 3521 415 3590 ingeminat:
436 3521 554 3574 Teuoros
566 3522 595 3573 in
609 3537 693 3589 regna
707 3521 816 3587 vooari;

214 3615 371 3669 Ll'l
